3186 4844
301 409 353 462 140
443 405 609 460 ORONIOA
627 405 654 461 S.
667 405 783 460 PETRI
800 404 1062 460 ERFORDENSIS
1081 403 1278 462 MODERNA.

300 588 337 652 de
369 586 518 666 Gorhnm,
549 589 586 652 de
617 587 706 653 cuius
736 586 882 652 chronico
911 587 1136 670 imperatorum
1169 593 1198 652 et
1224 585 1414 668 pontificum

306 675 356 742 W.
381 677 485 740 Foche
514 676 768 741 commentatione
797 676 943 759 dihoenti
971 675 1063 758 eyit1,
1094 675 1149 757 ani
1183 682 1211 740 et
1242 677 1414 741 nonnullas

293 771 405 846 partes
427 765 502 845 eius,
527 764 794 847 neoteyentissime
816 765 949 846 quidem,
973 765 1011 829 in
1033 766 1131 830 tuccm
1147 763 1232 830 dedit
1240 766 1260 828 ².
1296 765 1341 828 In
1357 765 1414 830 hoc

299 851 444 918 chronico
468 853 526 918 toci
549 874 588 918 erc
608 853 744 919 Oronica
768 855 801 918 S.
819 854 909 918 Petri
931 853 1047 936 srimpti
1070 854 1109 918 ab
1132 854 1413 934 a.1”273.³usque

299 943 343 1006 ad
360 963 390 1005 a.
407 947 498 1006 1338.
516 942 731 1006 inveniuntur.
762 942 860 1007 Dices
876 963 948 1024 ereo
969 949 1005 1006 nt
1023 943 1127 1007 Foche
1147 943 1240 1006 Oron.
1260 942 1307 1006 Ἢ.
1322 941 1413 1006 Pet-ri
1431 961 1444 1000 s

298 1037 424 1096 auctam
452 1030 738 1097 ContinuationeI.
765 1031 996 1096 aTheoderico
1018 1030 1205 1112 ensnnntam
1228 1052 1301 1095 esse.
1350 1031 1414 1096 Sed
1422 1017 1515 1066 ’Μ

297 1119 335 1184 in
350 1119 418 1184 eius
433 1119 579 1184 chronico
602 1119 696 1184 etiam
712 1125 774 1184 tres
797 1119 856 1184 toci
879 1141 917 1184 en
937 1119 1029 1185 Gran.
1048 1119 1279 1184 Rcinhardshr.
1296 1119 1412 1200 sonanti

297 1207 533 1288 inveniuntur4,
563 1209 647 1273 ‘cende
675 1229 793 1273 nucum
819 1208 956 1273 censebis
978 1229 1016 1272 en
1039 1209 1098 1272 hac
1120 1208 1216 1273 etiam
1239 1209 1319 1273 iocos
1342 1229 1411 1273 cum

302 1296 396 1362 Oron.
422 1297 454 1362 S.
479 1297 569 1362 Petri
598 1296 834 1361 conuenimtes⁵
860 1296 1031 1377 inscriptos
1059 1318 1132 1361 esse.
1184 1296 1410 1362 Theodericum

296 1385 400 1468 ipsam
421 1384 588 1451 Granicum
604 1385 834 1450 Reinhordsbr.
855 1385 1001 1450 habuisse
1021 1407 1085 1449 uon
1100 1384 1196 1464 facile
1212 1385 1408 1466 crediderim,
1421 1406 1447 1445 ιο

296 1476 455 1556 ercnnptar
470 1475 537 1540 eius
552 1475 589 1538 in
604 1473 814 1538 Hottandiam
830 1475 965 1538 dotatum
981 1495 1045 1538 esse
1067 1481 1103 1538 nt
1124 1475 1258 1555 credam,
1283 1474 1410 1539 onenino

295 1585 359 1628 non
383 1563 500 1628 adduci
516 1584 655 1644 possum.
707 1562 784 1628 (hem
812 1562 1023 1628 Theodericus
1052 1564 1175 1628 demum
1201 1563 1240 1626 ab
1264 1585 1293 1627 a.
1314 1569 1408 1627 1273.

296 1653 379 1717 hanc
396 1651 563 1718 Granicum
579 1651 787 1732 exscripserit,
805 1651 924 1717 conicio
940 1651 976 1716 in
991 1651 1059 1717 eires
1070 1651 1243 1732 exemptam
1258 1650 1410 1716 (honicoe

296 1739 439 1804 Minoris
459 1740 569 1804 tertiae
592 1739 739 1805 editionis
763 1739 875 1822 (mone
904 1742 948 1804 ad
969 1762 1000 1804 a.
1020 1742 1119 1824 1272)
1144 1740 1410 1805 continuationem

295 1828 439 1893 additam
456 1829 556 1908 finisse
579 1850 616 1894 ea
637 1828 731 1894 Gran.
749 1828 980 1894 Reinhardshr.
997 1835 1193 1910 encnntam,
1215 1831 1299 1910 orroei
1312 1849 1408 1894 eaem·
1420 1847 1445 1888 15

289 1919 368 2000 piar
398 1917 445 1982 veh
474 1917 540 1998 ipse
574 1917 784 1982 Theodericus
817 1918 866 1982 oei
899 1917 983 1983 alins
1016 1917 1158 1999 qnidam,
1190 1919 1245 1999 ani
1273 1918 1409 1997 fortasse

295 2005 408 2070 titteris
442 2006 619 2085 Erfordioe
652 2006 817 2086 studuerit,
854 2029 869 2070 e
904 2006 1087 2089 Thnrinyio
1124 2007 1161 2071 in
1195 2007 1407 2071 Hotlondiom

294 2094 509 2176 affortaoisse
533 2101 642 2176 potest.
690 2096 776 2160 Sane
805 2095 925 2160 nuliius
953 2096 1021 2174 fere
1049 2095 1196 2159 momenti
1218 2102 1292 2160 sunt
1307 2095 1408 2176 pauci

294 2183 344 2248 itii
360 2183 419 2248 toci
435 2183 622 2249 Theoderici
637 2205 676 2248 eu
692 2183 829 2249 Cronica
846 2185 879 2249 S.
893 2183 983 2248 Petri
992 2184 1131 2266 profecti
1146 2185 1319 2248 adtentum
1339 2185 1408 2249 eius

293 2275 532 2338 emendandum.
1417 2293 1444 2333 eo

399 2362 475 2426 Iam
493 2364 537 2427 ad
553 2383 604 2427 eos
622 2361 855 2444 oayrediomnr,
879 2361 935 2442 qui
955 2361 1124 2428 Cronicam
1145 2361 1179 2427 S.
1193 2361 1283 2426 Petri
1303 2360 1406 2426 Conti-

294 2608 320 2674 1)
338 2608 418 2662 ‘Hau
438 2608 522 2662 Beitr.
541 2624 565 2661 z.
584 2607 755 2670 Geschichtef.
775 2607 897 2672 herousa.
916 2623 938 2661 o.
961 2607 1008 2661 rn.
1023 2607 1144 2659 Lirrdner
1162 2607 1186 2672 I,
1212 2607 1307 2662 Ttuod.
1324 2607 1408 2659 Pauli

292 2696 319 2732 n.
337 2682 393 2730 sein
411 2679 550 2746 Speculum
568 2678 726 2732 historiale’.
752 2679 834 2729 Halte
851 2694 876 2732 a.
889 2677 916 2732 S.
938 2680 1014 2733 1892.
1041 2697 1042 2701 ¹
1073 2679 1100 2743 2)
1118 2678 1184 2729 Cum
1201 2680 1310 2730 codicem
1326 2679 1406 2730 Wro-

292 2750 465 2802 tietaoiensem
490 2766 549 2801 eum
574 2749 617 2800 his
637 2749 764 2816 paunus
788 2749 944 2814 conferrem,
968 2749 1098 2816 obstupui,
1122 2765 1175 2801 non
1197 2765 1289 2816 copem
1306 2751 1405 2814 valum,

291 2821 419 2887 quomodo
430 2821 492 2884 cieri
505 2823 631 2888 potnem't,
651 2827 681 2872 ut
698 2836 732 2873 en
744 2821 827 2872 codiee
844 2819 905 2871 hene
922 2823 1028 2888 scripto,
1038 2827 1093 2872 tam
1111 2827 1240 2887 corrupto
1257 2823 1404 2875 utereretnr.
1415 2837 1443 2877 25

291 2893 318 2958 3)
341 2891 453 2942 Minime
477 2893 532 2942 iam
557 2907 573 2942 o
598 2896 712 2958 tempore
729 2891 867 2943 Odomantis
883 2891 933 2944 IV.
949 2907 1045 2959 papae,
1063 2897 1093 2942 ut
1110 2891 1195 2944 Facite
1215 2909 1245 2958 p.
1262 2895 1305 2948 45.
1324 2893 1404 2958 dian,

291 2979 354 3014 nom
380 2963 437 3028 loci,
465 2977 530 3028 quos
550 2980 578 3029 p.
597 2965 724 3018 45-51.
751 2977 784 3013 eu
802 2961 880 3015 Gran.
903 2963 930 3016 S.
949 2961 1026 3014 Petri
1047 2969 1164 3030 inemptos
1187 2979 1240 3015 esse
1264 2965 1403 3031 comendit,

288 3036 378 3102 potius
395 3049 428 3086 ea
447 3033 524 3088 Oron.
544 3034 648 3086 Minore
665 3039 688 3086 et
706 3035 762 3084 eim
781 3033 889 3086 (tontl.
908 3034 948 3085 oet
964 3049 997 3083 ea
1016 3033 1138 3085 Conradi
1151 3033 1320 3088 Holherstod.
1338 3035 1406 3086 Cro·

290 3105 452 3171 noaraphio,
470 3105 517 3156 ubi
533 3104 596 3155 illae
612 3107 679 3155 sicut
697 3106 727 3156 in
740 3105 817 3157 eron
837 3105 864 3157 S.
878 3104 953 3155 Petri
969 3105 1117 3170 eamriptoe
1134 3111 1205 3170 sunt,
1225 3105 1317 3156 hausti
1333 3113 1403 3160 sunt.

294 3177 479 3229 uncodenmm
499 3175 576 3228 Oron.
596 3175 726 3227 Minorem
751 3191 809 3226 eum
828 3175 900 3228 Cont.
920 3175 943 3233 Ι,
965 3175 1087 3227 habuisse
1106 3181 1182 3242 patet
1207 3177 1259 3228 icoo
1282 3193 1300 3227 a
1317 3177 1442 3234 Fooheao

287 3266 316 3317 p.
333 3251 376 3303 48.
402 3248 470 3300 edito
494 3255 541 3310 (=
561 3247 609 3300 SS.
628 3245 737 3311 XXIV,
764 3264 791 3313 p.
810 3247 889 3307 205),
914 3262 988 3313 ouem
1016 3262 1061 3298 nee
1086 3247 1226 3298 Contractus
1252 3263 1297 3300 nec
1322 3248 1403 3302 Cron.

251 3323 254 3332 '
290 3321 318 3373 S.
337 3319 414 3371 Petri
436 3319 539 3382 habent,
564 3333 639 3385 quern
657 3319 687 3369 in
705 3317 787 3369 code'ee
804 3333 852 3368 suo
870 3317 996 3370 Cronicae
1014 3317 1041 3371 S.
1054 3317 1130 3369 Petri
1150 3318 1338 3370 Ttnodericum
1361 3321 1405 3370 in·

289 3393 387 3443 umine
404 3397 459 3441 tam
477 3395 569 3442 temere
586 3405 667 3457 quam
678 3388 750 3452 falso
762 3387 845 3440 Focire
862 3389 976 3442 coniecit,
1030 3389 1057 3454 4)
1074 3389 1150 3441 Duos
1161 3389 1247 3442 Foche
1263 3406 1289 3456 p.
1303 3391 1346 3445 53.
1359 3393 1403 3446 81.

290 3462 350 3514 oeno
367 3463 483 3526 coanem't
501 3466 524 3512 et
542 3461 687 3525 adnotavit,
709 3461 754 3512 sed
778 3461 874 3510 iterum
899 3465 991 3512 tanim
1008 3461 1114 3511 omnm
1131 3461 1246 3511 altcmem
1264 3476 1355 3512 eorum
1374 3463 1403 3513 in

290 3535 411 3598 maraine
435 3532 528 3584 codicis
554 3533 681 3584 Ororeiem
705 3530 732 3584 S.
754 3529 829 3582 Petri
854 3533 982 3598 scriptum
1007 3533 1098 3595 fuisse.
1138 3531 1243 3582 Tertius
1270 3537 1306 3584 est
1333 3533 1441 3588 lomesss

289 3603 374 3655 editus
399 3603 433 3654 ah
457 3619 484 3655 eo
506 3619 534 3670 p.
547 3606 591 3664 80,
616 3618 668 3670 qno
685 3603 717 3653 de
735 3601 877 3654 Caelestino
889 3617 966 3669 popo
983 3602 1012 3655 V.
1031 3607 1105 3668 copto
1130 3603 1251 3654 traditur
1270 3627 1301 3646 =
1323 3603 1403 3659 Oron.

290 3673 482 3726 Reinhordshr.
502 3689 527 3726 o.
543 3676 620 3740 1294,
640 3673 687 3726 SS.
701 3672 794 3735 XXX,
811 3690 838 3739 p.
851 3674 911 3738 639,
931 3675 960 3723 iu
985 3689 1038 3739 qua
1062 3676 1110 3724 iste
1134 3673 1203 3724 iocus
1227 3681 1349 3741 sumptim
1366 3681 1403 3726 est

289 3760 322 3795 erc
348 3745 475 3795 Cronicae
495 3743 613 3796 Minoris
637 3746 830 3797 continuatione
855 3743 919 3808 VII,
946 3743 994 3796 SS.
1014 3743 1110 3806 XXX,
1133 3761 1163 3810 p.
1183 3746 1235 3800 720
1259 3745 1403 3810 (desinente

290 3832 315 3868 o.
336 3817 419 3876 130ος
445 3814 480 3876 cf.
500 3814 578 3867 Cron.
597 3815 691 3869 Reinh.
713 3815 805 3882 praef.
832 3815 848 3868 t.
869 3815 885 3868 l.
909 3832 937 3882 p.
957 3817 1029 3881 513).
1067 3815 1131 3867 Cum
1155 3817 1240 3879 icitur
1257 3817 1404 3869 uiderimus

294 3885 480 3935 Theodericum
499 3883 637 3935 Oronicm
656 3886 788 3938 Minorem
806 3887 898 3937 tertiae
916 3886 1040 3938 editionis
1057 3889 1129 3952 (cum
1148 3886 1220 3940 Cont.
1239 3887 1267 3948 Ι)
1285 3891 1442 3956 erasnm-eo

289 3957 361 4019 susc,
384 3961 457 4022 potet
475 3969 533 4006 eum
552 3955 624 4008 Cant.
642 3956 703 4007 VII.
721 3973 774 4010 non
798 3957 928 4021 hahuisse,
953 3962 1025 4024 patet
1048 3959 1127 4009 ctiam
1146 3957 1228 4010 ionem
1246 3958 1321 4010 iliius
1338 3976 1404 4010 nus·

289 4041 370 4090 quam
395 4025 461 4076 aiibi
483 4025 539 4076 nisi
562 4027 592 4075 in
614 4026 725 4078 Orontea
743 4029 994 4083 Reinhordsbrunn.
1013 4030 1131 4080 inveniri
1151 4031 1274 4095 potuisse.
1312 4031 1404 4083 Codice

289 4097 368 4145 etiam
391 4095 604 4147 Wratieiooiensi
624 4101 756 4164 exscripto
780 4101 887 4164 marioni
910 4100 985 4150 houd
1005 4102 1102 4167 paucis
1127 4100 1190 4152 locis
1218 4101 1403 4153 Theodericum

289 4163 384 4216 hahere
409 4166 539 4217 tectionem
558 4166 683 4218 cronicae
700 4169 893 4223 Beinhordshr.
918 4187 936 4221 a
956 4171 1069 4223 Granico
1087 4171 1114 4225 S.
1132 4171 1208 4222 Petri
1231 4173 1402 4238 differentem.

290 4235 317 4300 ὅ)
337 4235 402 4285 Cum
420 4251 473 4286 nan
492 4235 570 4286 inuiti
587 4237 637 4288 toci
659 4254 692 4289 ea
715 4239 765 4290 hae
789 4243 890 4308 sumpti
906 4243 935 4291 in
957 4241 1109 4293 Theoderici
1125 4241 1247 4295 chronico
1264 4247 1441 4300 inveniare-4⁶

290 4309 343 4366 tur,
369 4305 447 4368 facile
471 4307 570 4358 evenire
590 4311 686 4373 potuit,
705 4315 733 4360 ut
758 4317 811 4363 tres
828 4317 931 4363 tantum
951 4312 1000 4364 ioci
1017 4328 1034 4362 o
1051 4313 1188 4365 chronisto
1207 4315 1402 4370 Reinhordehr.

289 4374 376 4425 additi
392 4390 425 4425 en
442 4377 499 4427 etus
517 4391 591 4442 opere
608 4389 817 4446 enumerentur.

226 4588 284 4600 ..μ
