3200 4844
231 322 407 380 ANNALus
425 323 616 382 ERPHORD.
635 323 825 382 FRATRUM
843 323 1181 382 PRAEDIOATORUM.
1230 329 1265 383 79

156 529 244 590 meam
271 508 307 572 de
336 507 389 572 bie
412 507 608 590 praepositio
629 507 845 590 praemisum
873 507 925 572 su.
972 507 1059 572 Sanc
1080 507 1266 588 monimum

155 596 249 676 suieoe
262 595 448 662 Annalibus
463 596 743 678 Erpbmdeuoibus
765 596 926 677 euenrmtor
949 595 1118 661 aumatium
1140 597 1177 661 iu
1193 595 1266 662 Oro-

156 683 224 750 uica
245 685 435 766 exscriptum
456 685 533 750 iude
556 685 690 768 coltiaco.

253 775 330 839 Nou
351 781 387 838 ut
408 773 596 840 seutentiam
619 774 739 840 Koroti
756 775 876 840 Wencb
898 781 928 840 et
945 774 1108 840 Witbetmi
1126 774 1265 840 Wotten·

135 863 226 928 obocb
247 863 402 943 refellam,
433 862 510 928 boec
533 863 641 928 omnio
664 864 802 944 erpomi,
826 864 883 928 sed
902 870 939 928 ut
961 864 1121 930 ostendam
1144 870 1266 928 restare

152 953 310 1033 quaedem,
334 951 449 1032 quibos
467 953 505 1017 de
519 973 558 1017 eo
573 951 728 1018 dubitatio
742 951 860 1016 moueri
876 952 989 1034 poscit.
1026 953 1145 1017 Nubes
1160 973 1265 1033 mper-

152 1047 224 1105 cuet
244 1041 420 1122 omuputuc,
444 1043 501 1106 ced
519 1040 651 1122 pedibus
673 1039 832 1105 meorum
854 1041 1041 1106 senteutiam
1056 1042 1265 1106 accedendum

150 1136 230 1210 eser,
253 1129 284 1194 oi
307 1135 465 1194 corntaret
486 1129 706 1196 Sobonuotnm
728 1135 844 1194 tentum
866 1129 1047 1196 Annalium
1062 1129 1265 1210 Erpborden

150 1217 227 1282 dnm
254 1217 416 1300 ireteorum
444 1217 631 1299 eubebuiooe,
663 1220 719 1284 sed
749 1224 878 1283 cccutra
911 1224 1033 1284 couotat
1066 1239 1136 1283 eum
1169 1217 1266 1284 etiam

120 1307 261 1372 otorano
307 1327 372 1372 nou
417 1305 563 1372 indicato
612 1307 782 1372 nonnullae
829 1307 912 1372 toooe
956 1305 1106 1372 omiouoe.
1175 1307 1266 1374 Unde

149 1395 178 1458 I.
200 1396 241 1460 F.
264 1394 425 1460 Boeemu·
452 1395 521 1462 iam
547 1395 712 1477 nonuudo,
748 1395 789 1460 G.
813 1395 859 1460 H.
884 1395 980 1462 Parte
1002 1396 1104 1478 ptura
1126 1416 1165 1460 en
1191 1395 1265 1462 Oro

148 1483 218 1550 uua
241 1485 276 1550 S.
296 1483 386 1550 Petri
408 1483 599 1550 editionibus
622 1484 690 1550 onio
712 1483 893 1550 Annalium
915 1483 1192 1567 Erebordeuoium
1218 1483 1265 1549 iu·

148 1579 321 1638 renuunt.
369 1573 433 1638 Sed
461 1573 519 1638 boo
547 1572 591 1637 iio
613 1579 736 1638 tontum
764 1572 841 1638 loeis
863 1573 956 1639 tieere
979 1572 1128 1654 arbitror,
1152 1573 1266 1655 ombus

148 1661 314 1728 Sobaunot
334 1661 491 1728 iudicauit
513 1661 550 1726 iu
565 1661 669 1728 codice
683 1663 839 1744 quaedam
861 1662 923 1744 teyi
945 1661 1131 1744 nequivisse.
1168 1661 1264 1744 Sene,

116 1750 173 1814 uei
193 1751 230 1816 in
252 1749 441 1816 Aunumu
463 1757 493 1816 et
512 1749 652 1816 (ironica
674 1771 705 1816 o.
724 1755 820 1814 1252.
844 1751 975 1832 tenerit:
998 1752 1225 1836 Moguntinus
1244 1773 1266 1815 o

146 1839 236 1906 clero
259 1861 324 1905 suo
339 1840 537 1905 vicesimam
560 1840 684 1924 exegit,
708 1839 746 1903 iu
765 1838 903 1906 Granico
925 1840 995 1904 oola
1017 1862 1048 1904 a.
1069 1845 1169 1904 1244:
1194 1841 1264 1904 Ma·

145 1931 313 2014 guntinus
421 1929 580 2012 quintam
602 1930 777 1994 redituum
801 1932 934 2014 parbem
959 1951 980 1994 a
1002 1929 1094 1995 clero
1118 1931 1263 2014 exregem,

145 2017 218 2082 baec
240 2038 280 2082 eu
296 2019 401 2082 codem
416 2017 503 2096 fonte
520 2017 666 2098 profecto
689 2037 754 2082 ecee
777 2017 922 2098 eernebu,
946 2039 968 2082 o
984 2017 1168 2084 Sctteuuoto
1188 2019 1266 2084 boec

144 2105 260 2172 omieeo
282 2127 351 2172 eece
373 2105 513 2171 conicere
529 2111 628 2188 poteo,
646 2106 786 2187 probare
808 2127 873 2170 non
890 2105 1020 2187 poteria.
1061 2105 1164 2171 Pmro
1186 2106 1265 2172 oeri-

111 2194 342 2260 ueimittimnm
374 2203 419 2259 cet
443 2201 518 2276 poet
539 2196 635 2260 uerbo
658 2193 807 2260 editionis
831 2193 1073 2261 Sobannatiuce
1103 2217 1134 2260 o.
1161 2201 1263 2261 1242:

142 2284 274 2350 Eodem
306 2305 397 2349 anno
425 2284 560 2348 Tartari
589 2285 627 2348 in
655 2284 809 2370 Ungerio
839 2283 877 2348 in
907 2283 1009 2350 codice
1044 2283 1111 2350 eiuc
1144 2284 1265 2366 empto

141 2371 242 2452 fuisse
265 2371 408 2456 quaein
430 2371 568 2438 Oronice
587 2373 621 2438 S.
639 2371 729 2438 Petri
751 2375 954 2454 coquuntur&
978 2372 1122 2454 quomedo
1145 2373 1265 2439 Sabou-

140 2468 197 2526 uat
218 2483 288 2527 non
311 2461 503 2527 indicauerit
529 2481 563 2526 oc
583 2459 756 2543 quidquam
779 2460 930 2542 omioioce,
959 2482 1058 2544 neque
1080 2468 1186 2526 tomen
1208 2462 1265 2528 boe

141 2557 272 2616 emutat.
323 2550 387 2616 Sed
414 2549 445 2614 oi
474 2550 531 2615 boo
559 2571 667 2615 cerum
697 2571 762 2616 ecoe
791 2549 974 2631 credideris,
998 2549 1113 2616 iterum
1136 2550 1265 2616 bobebio

107 2639 249 2722 nlomrm,
283 2661 324 2704 ec
352 2659 413 2721 quo
442 2638 573 2720 celticae
601 2638 696 2704 etiam
726 2639 861 2704 annates
890 2639 930 2703 ab
953 2645 1079 2704 auctore
1110 2638 1265 2704 (ironicae

141 2729 173 2794 S.
191 2727 286 2794 Petri
311 2727 482 2809 ementitae
505 2749 527 2792 o
541 2728 646 2807 fratre
661 2726 786 2792 ordinis
801 2728 1065 2793 Praedicatorum
1083 2727 1265 2810 omnpocitoc

138 2819 235 2884 ecee&
285 2815 428 2898 Itunoue
451 2815 520 2880 atio
547 2815 702 2882 Gronicoe
726 2817 760 2882 S.
777 2816 877 2898 Petri,
905 2837 986 2899 quoe
1009 2817 1054 2881 K.
1078 2817 1197 2884 chcb
1226 2839 1265 2882 ee·

138 2908 244 2972 eodem
267 2906 359 2986 sonte
380 2905 528 2987 profecto
551 2926 616 2970 esee
642 2912 723 2971 recte
745 2906 866 2972 ceuorcit
874 2907 895 2988 ⁴,
926 2905 964 2970 iu
986 2904 1122 2972 editione
1146 2905 1266 2972 Soban-

138 2995 209 3060 uoti
238 3001 367 3060 tontum
396 2993 514 3058 amuco
542 3015 607 3060 ecee
635 2993 775 3060 conicere
798 3015 916 3076 pasees,
947 2993 1092 3076 quemme
1114 2994 1266 3077 profiteri

105 3105 185 3150 rome
215 3089 361 3166 oporteat
390 3081 526 3163 difficile
554 3103 603 3148 me
624 3082 743 3149 adduci
765 3103 868 3165 posce,
895 3089 931 3148 nt
953 3083 1010 3150 boc
1032 3085 1169 3149 credam.
1214 3083 1265 3150 Ao

137 3193 226 3256 canc,
258 3193 332 3239 cum
354 3171 444 3236 Anu.
469 3171 631 3254 Erpbord.
663 3173 701 3237 de
724 3170 823 3236 Erico
852 3192 924 3254 reae
947 3171 1080 3238 Douioc
1109 3195 1140 3238 a.
1168 3177 1264 3236 1250.

137 3261 238 3328 ccmo
270 3261 394 3344 copiose
421 3260 575 3342 referant,
605 3261 723 3325 mirum
753 3265 839 3339 esset,
869 3262 954 3342 quod
979 3267 1088 3326 onotor
1110 3263 1264 3326 secundae

130 3350 241 3434 portio
270 3348 429 3416 Gronicoe
460 3349 494 3414 S.
518 3349 608 3414 Petri
638 3349 770 3415 medem
792 3347 928 3414 Erienm
951 3372 981 3414 o.
1002 3353 1096 3414 1256.
1120 3355 1265 3415 necatum

136 3460 201 3505 eece
223 3439 315 3520 fulto
338 3437 525 3520 eorummet,
549 3438 579 3504 oi
602 3438 747 3503 Annales
770 3437 932 3518 Erpbord.
956 3437 1041 3519 ipsos
1064 3436 1196 3520 myiooet.

103 3549 128 3590 u
253 3527 334 3594 Utnt
348 3529 387 3592 de
401 3525 461 3592 bac
476 3547 511 3591 re
532 3525 734 3608 indicaveris,
759 3528 846 3608 opud
861 3545 967 3591 omnes
989 3532 1110 3591 renotat
1131 3527 1265 3590 mouimi

136 3637 201 3681 erec
218 3615 326 3699 pretii
341 3615 489 3680 Auuoieo
504 3615 752 3698 Erpbordeoees,
776 3614 892 3696 iniquo
914 3613 1047 3694 fortuna
1068 3615 1151 3680 orote
1173 3615 1264 3680 uobis

136 3711 291 3784 amedeo,
315 3724 449 3786 quorum
472 3703 533 3770 toci
555 3709 710 3769 extremae
726 3703 835 3786 portic
856 3703 965 3768 ctotim
988 3711 1063 3786 post
1086 3711 1191 3788 aestas
1212 3727 1265 3770 reo

135 3793 250 3877 scripti
265 3793 425 3858 uidentur.
450 3793 539 3858 Nem
554 3813 623 3858 cum
638 3795 694 3858 cub
707 3815 737 3858 o.
752 3797 849 3856 1250.
866 3799 976 3858 auctor
991 3793 1090 3858 locum
1105 3793 1262 3875 scriberet,

136 3903 197 3962 ono
220 3882 342 3964 leaitrrr
364 3905 386 3946 o
399 3883 573 3947 Ftiderico
596 3883 769 3966 quondam
793 3883 1009 3966 imperatore,
1035 3905 1126 3948 nunc
1146 3889 1263 3948 autem

104 4095 164 4160 eol)
183 4093 262 4157 Quae
283 4093 317 4148 G.
329 4091 365 4147 Η.
381 4092 470 4158 Perre,
489 4092 536 4147 SS.
549 4091 628 4159 XVI,
651 4109 677 4160 ρ.
691 4094 734 4158 34,
755 4091 772 4146 l.
785 4093 820 4146 29
833 4107 880 4159 oo,
903 4091 1014 4145 meunt
1030 4108 1094 4146 cuae
1111 4099 1204 4146 tunore
1221 4094 1263 4144 iu·

137 4167 230 4218 mit.
307 4163 336 4232 2)
355 4163 428 4228 Quae
444 4171 469 4215 et
484 4163 611 4216 Boebmcr
629 4169 652 4216 et
669 4162 750 4216 Peru
766 4165 797 4214 r'n
815 4168 916 4216 tortum
934 4164 1085 4216 Annalium
1102 4170 1262 4232 receperunt.

138 4237 165 4300 3)
187 4237 258 4289 Oum
270 4235 420 4288 coenobium
432 4234 651 4288 Proneaurom
663 4233 908 4288 Hermonem-uittae
926 4237 1061 4288 incuterem
1078 4251 1131 4288 eece
1148 4235 1188 4287 ibi
1205 4243 1265 4288 tro·

137 4305 231 4361 datur.
307 4307 335 4372 4)
359 4306 392 4358 Ut
409 4305 458 4358 ereb
475 4323 500 4360 a.
515 4307 599 4362 1228:
616 4303 680 4358 Hoc
698 4320 769 4358 anno
787 4303 885 4374 vigilio
904 4335 936 4345 -
956 4335 991 4346 -·-
1010 4305 1166 4360 celebravit.
