3232 4856
575 322 744 378 ORONIOA
761 322 897 380 MINOR.
1244 329 1295 383 507

287 509 409 573 Iterum
437 506 505 572 ium
532 512 607 588 post
638 507 717 571 duos
745 506 813 586 fere
843 527 946 572 onnes
975 513 1085 572 auctor
1113 514 1227 588 noster,
1263 515 1299 573 ut

178 598 311 678 ridetur,
335 617 449 661 novam
472 594 739 660 continuationem
755 593 890 660 addidit.
928 594 1026 661 Hanc
1048 595 1176 674 enimc
1193 597 1298 676 fratm

180 688 316 770 quodam
350 684 475 749 ordinis
503 683 674 748 Minorum
707 683 907 765 compositam
939 705 1003 749 esse
1030 685 1139 765 primo
1173 693 1298 766 aspectu

179 782 313 858 apparet
341 795 380 839 eu
408 773 451 838 iis
476 772 584 837 multis
607 793 686 854 quae
709 775 746 836 de
768 771 928 852 fratribus
950 772 1137 838 Minoribus
1160 775 1297 841 diuersa·

151 887 252 930 sium
276 870 435 928 terrorum
450 869 588 927 narrato
603 867 686 926 sunt.
717 861 829 926 Etiam
848 861 884 926 in
906 861 1090 943 Thurinum
1113 883 1183 927 eum
1200 863 1297 945 sorim

181 960 246 1019 loru
268 974 333 1018 esse
362 972 401 1016 en
422 951 495 1032 rusa
519 956 608 1032 potet
618 951 638 1032 ¹,
662 949 867 1030 Erpllordiae
895 949 1021 1032 quidun
1049 950 1087 1015 in
1116 973 1154 1015 ea
1182 953 1298 1017 mentio

180 1063 245 1107 non
267 1041 357 1121 facta
379 1046 432 1120 est,
456 1040 510 1104 sed
532 1061 601 1105 cnm
624 1045 771 1121 quartam
792 1039 1014 1121 recensionem,
1044 1039 1081 1103 in
1104 1061 1200 1121 quum
1222 1041 1299 1107 llaec

181 1129 376 1196 continuatio
405 1135 527 1211 recepta
561 1134 613 1209 est,
644 1127 680 1192 in
714 1134 866 1192 conuentu
894 1127 1065 1192 Mincium
1095 1129 1298 1211 Erphordioe

182 1220 333 1300 scriptam
363 1238 427 1282 esse
455 1217 550 1297 infra
579 1215 906 1298 demonstraverimus,
936 1216 1020 1282 hono
1054 1217 1149 1282 etium
1182 1218 1298 1284 ibidem

147 1315 285 1373 mortam
314 1327 378 1372 esse
408 1307 558 1371 constot2.
612 1304 733 1372 Ultimo
762 1305 826 1370 loco
855 1304 945 1370 unici
974 1305 1099 1386 codicis,
1131 1307 1186 1387 aui
1215 1308 1299 1375 nono

182 1396 393 1462 recensionem
423 1394 568 1475 continet,
597 1393 802 1459 Oonrodinus
830 1393 867 1458 in
891 1393 993 1459 Italia
1009 1395 1207 1478 prosperari,
1230 1397 1299 1461 iam

182 1507 204 1550 a
230 1485 387 1549 Romanis
418 1483 452 1548 in
481 1489 657 1548 senatorem
686 1481 782 1549 Urbis
811 1483 922 1548 electus
956 1503 1021 1547 esse
1054 1483 1181 1566 dicitur,
1216 1487 1300 1566 qnod

182 1573 301 1655 aliquot
329 1571 515 1654 septimanis
537 1577 613 1653 post
637 1569 720 1636 diem
750 1571 833 1635 Iulii
857 1577 908 1635 24.
937 1571 1019 1636 anni
1045 1578 1138 1653 1268,
1169 1595 1239 1638 cum
1261 1575 1299 1640 de

187 1661 372 1728 Oonrodino
394 1683 416 1724 a
438 1659 597 1725 Roomnis
618 1665 737 1740 recepto
760 1660 797 1724 in
824 1659 1034 1726 Germaniam
1056 1662 1189 1726 relatum
1212 1669 1297 1746 esset,

147 1758 351 1833 acuteqnam
374 1752 411 1815 de
434 1770 468 1814 eo
486 1749 538 1814 die
558 1750 643 1831 Auo.
660 1754 712 1812 23.
737 1749 885 1814 debellato
907 1749 1080 1830 quidquam
1094 1750 1300 1832 Erulordioe

182 1840 394 1918 innotesceret,
425 1838 576 1919 scriptum
606 1858 671 1902 esse
699 1844 840 1918 apparet.
889 1838 953 1903 Sed
980 1838 1033 1904 liic
1062 1839 1155 1920 locus,
1185 1840 1299 1922 quiin

182 1935 331 2011 quartam
353 1927 565 1993 recensionem
587 1947 653 1991 non
675 1932 814 2008 receptus
836 1925 886 2007 sit,
910 1927 1015 1991 nmcio
1030 1949 1075 1993 on
1090 1927 1156 1992 ium
1179 1931 1219 1994 ab
1235 1929 1300 1994 alio

182 2017 334 2098 sortitore
356 2017 484 2081 additus
502 2015 573 2080 sict
608 2015 685 2080 Ideo
707 2035 778 2080 eum
792 2022 944 2080 remotum
967 2037 989 2081 a
1009 2015 1252 2082 Continuotioue
1268 2019 1298 2082 I.

183 2109 240 2172 sub
262 2106 352 2170 titulo
380 2103 637 2171 Continuotionis
653 2103 706 2168 ΙΙ.
730 2103 825 2168 edidi.
878 2103 1042 2170 Caeterum
1059 2112 1220 2186 postruuu
1249 2129 1300 2172 res

147 2195 221 2260 eoin
249 2194 484 2260 continuatione
513 2193 624 2259 tertiae
652 2191 846 2258 recensionis
873 2199 1046 2258 ncemorato
1075 2194 1127 2259 die
1157 2195 1221 2260 Oct.
1249 2203 1298 2261 19.
1341 2197 1345 2206 ’

184 2283 265 2350 anni
292 2289 384 2347 1267.
416 2282 505 2362 facto
535 2288 587 2359 est,
618 2288 654 2345 ut
679 2281 737 2346 hoe
765 2303 852 2346 anno
881 2289 1019 2364 erceunte,
1044 2290 1123 2348 certe
1146 2291 1220 2349 onte
1241 2307 1300 2350 me-

183 2373 272 2438 dium
301 2393 423 2436 annum
449 2376 543 2435 1268.
574 2372 651 2435 hoec
680 2371 859 2452 conscripta
887 2370 1042 2436 rideatur.
1094 2373 1184 2454 Quod
1212 2379 1242 2438 et
1262 2395 1301 2438 en

183 2483 218 2526 eo
235 2461 400 2542 probann,
424 2463 508 2542 quod
529 2466 638 2524 unctor
660 2458 815 2524 ciuitatem
831 2458 952 2540 Iappen
975 2467 1003 2524 et
1023 2466 1161 2525 castrum
1176 2461 1302 2527 Montis

183 2549 367 2630 Bellifortis
388 2549 425 2612 iu
444 2549 547 2613 Terra
563 2549 683 2614 Sancto
706 2548 810 2613 adhuc
833 2569 854 2612 a
874 2547 1075 2613 Christianis
1097 2549 1197 2614 teneri
1218 2551 1300 2615 diae-

149 2638 237 2718 urit,
268 2659 348 2718 quoe
376 2636 444 2702 iam
466 2659 496 2702 c.
517 2642 611 2700 1268.
636 2636 739 2700 Mart.
759 2641 788 2700 7.
820 2641 849 2700 et
870 2635 950 2717 Aur.
972 2642 1020 2700 15.
1046 2659 1067 2702 a
1089 2638 1221 2702 soldano
1242 2638 1301 2703 Bi-

185 2728 260 2791 bors
283 2733 376 2806 capta
398 2731 479 2789 sunt.
532 2724 610 2790 Oum
639 2723 775 2789 Oronica
804 2724 866 2789 leae
892 2724 1126 2790 continuatione
1148 2734 1243 2792 aucta
1265 2727 1301 2792 in

185 2815 343 2896 exemplar
380 2812 669 2893 normserilerelur,
705 2812 813 2877 omnia
846 2812 914 2892 fere
948 2814 1166 2880 additamenta
1199 2837 1300 2882 recen-

184 2903 286 2968 sionis
301 2903 334 2966 B
357 2909 479 2983 recepta
494 2909 575 2984 sient,
600 2902 757 2966 nonnullo
771 2922 843 2965 oero
859 2902 971 2966 tiorum
986 2903 1116 2985 omisso,
1137 2910 1166 2970 et
1186 2904 1301 2970 iterum

178 3012 288 3072 ponec
303 2992 428 3072 quidem
451 2991 491 3056 ab
507 2997 632 3056 ouctore
650 2989 727 3071 nuso,
751 2996 786 3054 nt
804 2989 925 3071 opinor,
950 2991 1071 3056 addito.
1107 2993 1187 3058 Cum
1200 2993 1302 3076 icitur

150 3101 249 3144 unon
272 3079 381 3144 omnia
396 3079 614 3145 additamenta
629 3078 822 3144 recensionis
836 3078 870 3143 B
892 3079 929 3143 in
951 3080 1035 3146 none
1050 3081 1176 3146 tertiam
1198 3089 1300 3148 trans·

184 3175 309 3249 sumpta
337 3168 411 3249 sint,
441 3168 635 3247 nonfacere
658 3189 796 3250 possum,
824 3167 903 3250 quin
926 3189 1067 3234 censeam
1091 3170 1127 3235 in
1148 3171 1210 3236 lucc
1232 3193 1300 3237 cou-

185 3257 352 3321 scribenda
383 3263 412 3322 et
440 3255 575 3322 codicem
604 3257 834 3338 autocraplium
863 3257 1057 3323 recensionis
1079 3261 1111 3323 A
1141 3266 1170 3323 et
1196 3261 1300 3326 erelie-

185 3353 291 3428 lnpum
313 3345 505 3411 recensionis
526 3344 560 3409 B
583 3345 740 3411 adhibitos
763 3367 836 3410 esse.
885 3347 971 3412 Sane
999 3346 1112 3429 niune
1141 3349 1209 3428 fere
1230 3349 1301 3414 uni·

185 3456 239 3500 cus
262 3436 357 3501 eaden
379 3433 490 3500 tertiae
511 3433 713 3513 recensionis,
744 3434 773 3499 si
803 3433 870 3499 eius
892 3436 1008 3500 menda
1030 3442 1059 3500 et
1080 3457 1160 3518 quoe
1182 3437 1219 3502 in
1241 3438 1302 3502 leae

149 3547 175 3588 ss
184 3523 320 3588 editione
349 3529 470 3588 mutoto
500 3531 574 3588 sunt
604 3523 749 3606 necleyis,
781 3545 850 3588 cum
879 3523 1007 3588 lectione
1035 3525 1229 3591 recensionis
1257 3527 1299 3609 A,

184 3633 249 3677 non
279 3634 348 3677 cum
376 3614 526 3677 mendosa
554 3619 584 3677 et
611 3614 785 3694 durooota
812 3611 940 3677 lectione
962 3613 1155 3679 recensionis
1176 3615 1211 3679 B
1232 3636 1300 3680 con

185 3807 213 3874 1)
231 3805 395 3858 Praesertim
412 3820 471 3856 cum
487 3805 638 3872 pestilentia
656 3822 682 3859 a.
696 3807 774 3860 1267.
794 3807 823 3856 in
840 3805 992 3871 inurinaio
1010 3807 1083 3871 facta
1102 3813 1301 3860 mmmunoroto

183 3879 226 3931 sit.
290 3877 319 3945 2)
339 3877 414 3942 Quod
431 3883 455 3930 et
472 3879 508 3928 iis
525 3893 593 3944 quoe
610 3877 641 3928 de
658 3877 784 3944 oprmculo
801 3879 831 3927 in
850 3878 991 3942 opputdrce
1008 3877 1081 3942 (III)
1099 3879 1167 3930 edito
1184 3879 1303 3930 disserui

179 3948 322 4015 molatur.
394 3951 422 4015 3)
441 3948 511 4000 Saue
529 3951 607 3998 ctiam
626 3949 655 3999 in
672 3954 773 4014 quarto
790 3950 937 3999 recensione
956 3949 998 3999 liic
1016 3949 1086 4000 loom
1104 3951 1190 4000 omitti
1202 3952 1299 4016 potuit,

148 4022 209 4071 msc·
233 4020 267 4070 ab
291 4023 349 4085 ipso
373 4025 480 4071 auctore
499 4019 714 4071 Continuottonts
731 4034 757 4072 o.
772 4020 962 4075 leot—1267.
980 4023 1097 4086 stercutus
1113 4021 1217 4084 fuisset,
1241 4037 1300 4071 cum

184 4092 239 4140 inm
257 4093 373 4157 sciptor
387 4090 572 4142 Conrodinum
590 4091 725 4154 demum,
745 4096 860 4156 coptum,
880 4090 1036 4142 decollatum
1056 4107 1108 4143 esse
1126 4093 1211 4143 sciret.
1248 4091 1300 4144 Sed

183 4161 326 4229 scrupulus
351 4161 443 4224 cluat,
468 4161 539 4227 quod
563 4176 653 4213 annus
677 4163 875 4212 iucarnationis
894 4163 970 4217 1268.
989 4161 1052 4212 hnic
1071 4163 1124 4214 loco
1142 4178 1196 4214 uui
1219 4179 1300 4230 prae-

183 4234 282 4282 missus
307 4234 350 4299 sit,
376 4239 406 4283 ut
430 4233 474 4283 trio
499 4237 594 4284 unctor
617 4233 707 4297 facere
728 4231 799 4285 solet.
837 4233 889 4284 Nec
916 4233 979 4284 talis
1002 4240 1040 4285 est
1064 4233 1108 4284 mc
1126 4233 1204 4300 locus,
1224 4250 1300 4301 qum

184 4303 264 4366 focile
281 4320 299 4355 a
317 4304 408 4378 fratre
425 4303 529 4355 ordinis
547 4303 686 4356 Minaeum
703 4305 833 4369 scriptum
851 4319 903 4356 osso
920 4304 1021 4360 modae.
