3200 4844
280 369 313 420 14
367 362 549 417 ANNALIIS
569 363 596 418 S.
609 362 725 417 PETRI
743 360 1118 417 ERPHESI'URTENSES
1136 361 1307 432 ANTIQUI.

177 526 254 618 {gom
280 540 458 592 deturbarent
477 545 504 592 et
522 540 620 592 merita
636 544 726 592 morte
743 541 861 592 multato
880 538 985 607 insigne
1004 540 1202 592 monimentum
1221 539 1256 592 ad
1273 544 1395 607 posteros

146 591 171 628 ¹²¹
224 591 510 677 'llsrammitterenn
536 628 570 664 ne
596 610 656 678 quis
680 609 809 678 deinceps
834 627 1017 663 successorum
1043 610 1100 663 eius
1124 611 1208 664 talem
1233 611 1396 664 sacerdotali

280 682 384 734 nomini
412 682 575 734 calumniam
599 687 705 734 struere
731 683 888 749 temptaret.
931 680 1000 734 Cum
1028 681 1062 733 ad
1090 681 1249 748 episcopum
1276 683 1395 734 relatum

279 757 349 805 esset
366 753 418 805 hoc
437 769 483 805 eos
496 753 654 815 machinari,
673 752 855 804 commonitus
868 769 883 804 a
896 751 959 818 suis,
975 757 1006 804 ut
1017 753 1174 818 tumultum,
1188 752 1234 819 qui
1247 752 1395 818 oriebatur,

279 827 387 875 matura
411 823 600 876 moderatione
625 826 808 890 preverteret,
838 822 912 875 misit
937 822 971 874 ad
997 839 1043 875 eos
1068 822 1141 875 foras
1166 823 1339 890 rogavitque,
1367 829 1418 876 ute

279 893 373 947 sedato
388 899 500 961 pectore
514 893 542 946 in
561 893 693 960 synodum
711 894 936 963 regrederentur;
955 909 992 961 se,
1012 911 1074 945 cum
1092 893 1212 961 primum
1225 893 1396 960 oportunitas

220 1009 221 1014 ,
280 965 420 1032 arrisisset,
442 964 560 1018 Romam
585 965 729 1017 missurum
755 967 783 1017 et
808 964 939 1017 domnum
965 964 1154 1031 apostolicum,
1179 964 1201 1016 si
1226 981 1280 1032 qua
1305 969 1397 1032 posset

279 1036 397 1100 racione,
417 1036 452 1088 ab
470 1034 521 1088 hac
540 1036 691 1089 sententiae
710 1034 868 1088 austeritate
886 1034 1077 1089 deducturum.

386 1132 501 1185 Postero
519 1132 564 1185 die
583 1132 706 1185 admissis
724 1132 753 1185 in
772 1132 937 1185 auditorium
956 1132 1138 1185 communitor
1151 1132 1227 1185 laicis
1240 1136 1268 1184 et
1280 1131 1395 1195 clericis,

279 1209 399 1256 veterem
419 1203 494 1255 illam
513 1203 548 1256 de
566 1203 712 1256 reddendis
731 1203 843 1256 decimis
862 1202 1000 1270 querelam
1018 1203 1142 1270 replicat,
1166 1208 1195 1256 et
1213 1202 1288 1271 quasi
1312 1201 1395 1255 nichil
1407 1219 1432 1256 io

280 1275 352 1327 bello
371 1274 515 1342 Saronico,
538 1274 622 1326 nichil
643 1278 733 1326 actum
753 1275 789 1326 sit
807 1273 1017 1338 conditionibus,
1042 1273 1140 1341 quibus
1165 1274 1247 1342 paulo
1273 1273 1395 1340 superius

281 1346 308 1398 in
327 1343 495 1414 Gerstingun
513 1363 568 1414 pax
587 1349 759 1412 convenerat,
778 1344 812 1398 de
832 1345 939 1414 integro
959 1344 1115 1413 Thuringos
1134 1361 1227 1397 omnes
1244 1344 1278 1397 de
1297 1343 1396 1396 iniusta

280 1416 450 1469 decimarum
476 1417 659 1469 retentatione
686 1432 747 1468 reos
775 1415 901 1469 addicere
931 1415 1052 1482 molitur,
1082 1433 1133 1469 nec
1161 1415 1296 1484 recogitat
1325 1415 1395 1467 hanc

281 1504 389 1540 causam
409 1487 542 1557 originem
561 1486 790 1554 seminariumque
810 1487 930 1540 extitisse
949 1486 1070 1539 omnium
1084 1486 1279 1552 calamitatum,
1299 1485 1396 1553 quibus

280 1575 329 1626 per
359 1559 450 1626 plures
485 1558 560 1610 iana
596 1574 681 1610 annos
716 1575 759 1610 res
793 1555 922 1625 publicab
957 1556 1206 1610 incommodissime
1238 1557 1395 1611 vexabatur.
1408 1572 1432 1610 is

280 1629 398 1698 Indigne
423 1629 504 1681 nimis
529 1628 652 1682 tulerunt
676 1627 729 1680 hoc
756 1627 900 1696 Thuringi,
925 1631 1022 1695 utpote
1048 1628 1094 1696 qui
1119 1631 1233 1696 propter
1256 1630 1396 1680 recentem

281 1701 346 1753 belli
367 1715 520 1752 successum
539 1698 659 1751 tumidos
678 1698 767 1751 adhuc
786 1699 897 1766 spiritus
915 1698 1054 1766 gerebant,
1074 1698 1179 1766 sibique
1198 1701 1395 1766 persuaserant,

280 1771 353 1838 quod
371 1774 433 1838 post
451 1769 649 1837 triumphatum
673 1786 767 1838 regem
792 1775 819 1822 et
844 1775 988 1837 acceptum
1011 1773 1119 1838 gustum
1146 1769 1275 1822 audaciae
1301 1785 1395 1822 eorum

280 1842 370 1894 nullus
389 1839 517 1907 deinceps
536 1839 644 1892 futurus
662 1846 731 1893 esset
750 1841 901 1908 episcopus,
920 1840 966 1907 qui
986 1840 1025 1893 ais
1043 1840 1162 1908 aliquam
1185 1856 1267 1907 super
1291 1839 1343 1890 hac
1365 1855 1395 1890 re

280 1929 389 1964 movero
412 1911 566 1964 molestiam
593 1911 713 1964 auderet.
756 1911 850 1963 Primo
875 1915 968 1964 tamen
992 1911 1151 1978 temperatis
1176 1909 1432 1978 responsionibusao

281 1983 305 2036 ei
331 1987 481 2051 suggerunt
504 1998 560 2033 non
587 1982 640 2034 alis
665 1998 692 2034 se
717 1982 828 2035 racione
854 1982 881 2034 in
908 1981 1076 2051 Genstingnn
1101 1981 1305 2049 recuperandae
1334 1979 1396 2048 paci

281 2053 455 2119 consensisse,
480 2071 561 2120 quam
582 2058 612 2105 ut
635 2053 757 2122 legitima
780 2069 828 2105 aua
852 2071 868 2104 a
891 2052 986 2120 primia
1011 2052 1106 2105 diebus
1130 2055 1232 2104 statuta
1255 2055 1316 2104 rata
1345 2049 1396 2104 sibi

281 2124 308 2176 in
321 2128 484 2192 perpetuum
498 2129 579 2192 atque
597 2123 755 2176 inconvulsa
774 2128 925 2178 manerent.
963 2121 1031 2176 Oum
1050 2123 1118 2176 haec
1136 2123 1295 2190 replicando
1308 2121 1396 2174 surdis

281 2195 392 2248 auribus
416 2193 537 2247 fabulam
563 2211 674 2247 narrare
701 2194 868 2260 viderentur,
895 2194 985 2246 subito
1013 2194 1125 2247 efferata
1152 2197 1245 2246 urente
1270 2209 1299 2246 se
1323 2191 1396 2244 foras

281 2265 448 2334 proripiunt,
474 2265 508 2318 ad
532 2283 607 2318 arma
631 2265 801 2318 conclamant
821 2269 849 2318 et
872 2264 906 2318 ad
931 2269 1101 2318 momentum
1125 2269 1266 2317 contracta
1291 2263 1397 2332 ingenti
1406 2281 1432 2318 ss

281 2337 456 2390 multitudine
475 2337 503 2389 in
520 2335 653 2404 synodum
671 2340 868 2404 prorumpunt;
887 2339 916 2388 et
934 2335 985 2388 nisi
1004 2336 1137 2388 maturius
1157 2335 1258 2388 milites
1276 2333 1397 2402 episcopi

281 2408 494 2462 intercessissent
532 2411 561 2460 et
591 2406 757 2460 blandiendo
793 2407 986 2474 racionemque
1022 2405 1161 2460 reddendo
1194 2405 1284 2473 potius
1315 2422 1396 2473 qnam

280 2479 460 2548 repugnando
481 2509 511 2516 -
532 2478 660 2546 quoniam
687 2477 789 2530 viribus
814 2477 931 2545 impares
956 2482 1033 2530 erant
1058 2508 1092 2516 -
1118 2476 1275 2529 ferocientis
1299 2475 1397 2528 turbae

282 2549 414 2617 impetum
433 2549 622 2615 inhibuissent,
648 2549 675 2600 in
695 2549 754 2616 ipsa
773 2547 903 2601 cathedra
928 2548 1077 2616 episcopali
1102 2547 1259 2615 episcopum
1287 2563 1396 2614 oppres·

281 2621 384 2674 sissent.
422 2620 467 2672 Ita
486 2621 576 2672 solnta
594 2623 635 2672 est
653 2619 778 2686 synodus,
797 2623 853 2671 tam
874 2619 1002 2687 episcopo
1021 2636 1103 2686 quam
1126 2618 1230 2670 cunctis
1255 2617 1303 2684 qui
1329 2633 1433 2672 asse-so

282 2691 379 2744 derant
405 2691 510 2743 clericis
534 2689 632 2743 ultima
655 2689 802 2742 formidine
828 2689 1007 2742 consternatis
1036 2694 1065 2742 et
1091 2689 1189 2758 passim
1222 2705 1272 2756 per
1303 2704 1397 2740 omnes

283 2761 429 2814 aecclesiae
458 2761 572 2829 angulos
600 2761 717 2813 latebras
745 2760 797 2813 sibi
822 2761 1023 2827 quaerentibus.
1067 2759 1166 2814 Statim
1193 2759 1335 2826 episcopus
1362 2759 1396 2811 ab

282 2831 445 2899 Erphesfurt
467 2831 609 2884 discedens
631 2831 765 2898 reliquam
784 2837 891 2898 partem
909 2831 974 2884 anni
992 2849 1075 2900 usque
1095 2831 1129 2884 ad
1151 2829 1345 2898 epiphaniam⁰
1369 2828 1397 2880 in

282 2901 467 2967 Heiligenstat
484 2902 585 2970 exegit.

388 2989 535 3044 MLXXV.
567 2988 629 3043 Rex
647 2991 767 3042 natalem
786 2989 896 3042 Domini
917 2988 1095 3058 Argentorati
1121 2987 1278 3056 celebravit.
1316 2987 1433 3042 Cum-35

282 3077 334 3128 que
354 3061 478 3113 adessent
496 3078 579 3127 quam
597 3061 709 3128 plurimi
729 3077 763 3113 ex
781 3061 958 3128 principibus,
984 3077 1051 3128 quos
1070 3060 1116 3113 ille
1135 3059 1229 3112 dedita
1255 3075 1338 3126 opera
1363 3058 1397 3111 de

282 3136 340 3183 toto
359 3148 445 3200 regno
465 3131 499 3183 ad
518 3130 590 3183 diem
610 3131 707 3184 sestum
734 3134 903 3198 evocaverat,
929 3132 1022 3183 habuit
1039 3149 1099 3184 cum
1116 3134 1153 3184 eis
1172 3133 1320 3182 minutum
1338 3145 1399 3181 ecit-

281 3204 341 3254 as‘la'a'
358 3205 403 3255 aaa·
426 3205 454 3254 et
480 3219 525 3254 eos
550 3202 639 3254 modis
664 3202 790 3255 omnibus
816 3201 850 3254 ad
876 3202 1082 3255 instaurandum
1107 3201 1211 3254 bellum
1230 3199 1398 3255 Saxonicum

145 3349 163 3385 p
177 3283 454 3386 575244's011ieinbat.
496 3278 693 3361 Eodemque
717 3299 807 3342 anno
832 3300 994 3361 magnum
1016 3277 1161 3362 prelium
1181 3277 1304 3341 habuit
1320 3297 1396 3340 cum

164 3369 169 3379 '
283 3367 475 3431 Saxonibus
513 3370 549 3431 et
583 3366 769 3449 Thuringis
807 3367 904 3429 iuxta
942 3367 1085 3430 fluvium
1121 3366 1268 3429 Unstrut
1306 3364 1434 3432 infraro

155 3455 517 3538 vc.p.asa.Thuringiam.
564 3467 695 3520 Eodem
715 3484 806 3520 anno
824 3466 864 3521 Π.
884 3465 954 3522 Νοιι.
974 3467 1039 3521 Dec.
1059 3466 1142 3519 Anno
1169 3465 1399 3519 venerabilis

283 3538 514 3606 archiepiscopus
533 3537 701 3591 Coloniensis
720 3537 850 3606 migravit
869 3537 903 3590 ad
921 3537 1118 3591 Dominum.
1408 3601 1426 3646 s.
1437 3599 1543 3648 amm

193 3655 270 3708 1078.
388 3641 628 3703 MLXXVIII.
673 3635 890 3704 Secundum‘l
916 3640 1047 3704 bellum
1077 3640 1147 3702 fuit
1177 3640 1213 3702 in
1241 3639 1518 3703 Medeai-saxu,

189 3725 410 3791 eae-chinea
426 3728 528 3790 vm.
553 3728 638 3791 snus
661 3729 772 3811 nug.1
1428 3706 1494 3754 2¹⁸·

282 3935 303 3986 ιι)
317 3946 423 3984 superam.
478 3935 500 3982 b)
515 3945 533 3974 r.
549 3946 571 3984 p.
587 3947 604 3974 r.
660 3935 680 3984 c)
695 3935 763 3984 epiph
777 3947 794 3976 r.
849 3935 871 3984 d)
885 3936 937 3974 haee
951 3947 1018 3973 runnu
1033 3935 1155 3983 Bscrdptn.
1408 3943 1435 3980 45

284 4117 309 4181 1)
333 4115 427 4166 I'ota'ua
452 4114 514 4167 VII.
538 4113 606 4164 Idus
633 4114 719 4178 Any„
747 4119 777 4164 nt
803 4114 884 4163 ctiam
911 4114 983 4166 Ana.
1008 4112 1036 4165 S.
1062 4111 1165 4163 Album
1191 4111 1399 4176 (Iliadum),

282 4186 329 4239 SS.
343 4185 383 4252 II,
398 4203 427 4252 p.
440 4187 504 4250 245,
523 4184 626 4238 hahmt.
663 4185 762 4235 Locum
781 4199 890 4249 paunus
908 4183 1106 4235 Mellsdchstadt
1128 4183 1180 4235 sols¹
1197 4183 1292 4234 Bmtno
1316 4198 1337 4235 c.
1356 4184 1397 4236 ab.

281 4263 303 4306 n
329 4255 415 4307 caan
439 4261 551 4307 moreest.
575 4255 724 4308 Pelerahna.
748 4254 787 4317 ΙΙ,
806 4256 849 4318 35,
876 4255 923 4308 SS.
943 4254 1006 4320 XX,
1029 4271 1059 4321 p.
1078 4255 1139 4317 646,
1164 4259 1188 4306 et
1215 4253 1293 4304 Gesta
1322 4255 1397 4318 episc.

282 4325 463 4386 Hnlbarstud,
481 4325 529 4378 SS.
543 4324 657 4388 XXIII,
672 4341 701 4391 p.
715 4327 758 4390 99,
779 4323 881 4378 habent.
