3186 4844
277 343 461 446 ansanus
479 390 670 447 ERPHORD.
691 389 880 446 FRATRUM
898 389 1239 448 PRAEDIOATORUM.
1277 397 1329 450 107

320 575 398 640 Hoc
422 596 512 640 anno
535 575 718 640 cenobium
741 572 1054 638 sanctimonialium
1076 576 1114 638 in
1135 576 1232 659 regia
1246 576 1330 640 villa
1340 587 1417 644 1249.

215 659 497 748 [Εθοὴθηθννθςθδι
525 664 618 728 dicta
648 663 905 729 incastellatam
936 657 997 744 est]
1029 663 1255 730 aGuntbero
1286 666 1329 731 de

211 755 399 837 Arnsperg,
424 753 506 835 quia
529 753 620 817 cives
643 753 746 816 huius
769 752 851 816 ville
874 752 1056 817 voluerant
1079 774 1114 818 se
1138 753 1330 818 marchioni

211 842 406 920 tradidisse,
431 841 547 924 sieque
569 842 632 906 illa
654 841 781 907 nobilis
805 840 949 906 ecclesia
972 835 1142 924 peccatisb
1166 842 1329 926 exigenti-

189 931 276 996 sbus
300 934 354 996 est
376 930 570 994 humiliata.
623 953 629 968 ·

318 1021 445 1084 Anno⁰
482 1019 623 1084 Domini
660 1017 797 1083 Meeu.
851 1017 1029 1084 Cristanus
1073 1016 1324 1104 Moguntinus⁰l

210 1108 491 1192 archiepiscopus
525 1109 563 1171 in
595 1108 716 1192 vigilia
749 1107 895 1171 natalise
925 1107 1066 1172 Domini
1099 1108 1328 1192 Erphordiam
1339 1135 1428 1177 nass.

210 1198 354 1262 veniens
382 1197 569 1262 honorifice
594 1218 615 1260 a
637 1197 729 1262 clero
752 1199 931 1281 susceptus
955 1200 1007 1261 est
1032 1200 1067 1262 et
1090 1218 1111 1260 a
1133 1197 1265 1262 civibus
1292 1199 1329 1261 in

211 1284 367 1351 ecelesiis
386 1286 497 1350 sancti
512 1285 609 1350 Petri
632 1289 667 1350 et
689 1286 801 1350 sancti
816 1285 933 1351 Severi
956 1289 992 1350 et
1014 1286 1052 1348 in
1068 1286 1213 1351 ecelesia
1229 1286 1328 1351 beate

177 1397 203 1435 ιο
210 1375 355 1458 virginis
379 1367 516 1458 preterf
531 1374 753 1440 Lambertum
770 1375 922 1440 eiusdem
939 1374 1082 1440 ecclesie
1105 1375 1327 1458 prepositum,

213 1464 290 1528 cui¹
315 1463 427 1528 clerus
450 1463 723 1548 lirphordensisg
749 1484 788 1527 ac
811 1464 923 1527 tocius
953 1465 1167 1548 prepositure
1197 1463 1329 1528 fecerat

212 1553 463 1630 obedientiam
488 1551 613 1636 quem²
635 1552 801 1636 preterito
824 1572 915 1615 anno
931 1553 1097 1617 defuncto
1114 1551 1243 1617 sifrido
1259 1553 1329 1617 Ma-

212 1641 360 1726 guntino
395 1641 555 1705 dominus
590 1662 680 1726 papa
712 1633 852 1706 eodemh
890 1641 1114 1714 investiverat
1151 1640 1327 1706 beneficio.

211 1729 366 1794 Tandem
405 1730 604 1794 huiusmodi
638 1729 871 1796 controversia
904 1730 1028 1814 sopita,
1065 1731 1178 1794 dictus
1212 1730 1329 1814 presul

177 1818 416 1884 uHeinrioum
437 1819 556 1883 Sancti
571 1819 668 1883 Petri
691 1818 852 1883 abbatem
874 1818 943 1881 iam
959 1819 1250 1884 valetudinarium
1274 1819 1328 1884 ab·

212 1908 326 1984 solvit,
347 1907 549 1972 Volmarum
573 1908 726 1972 eiusdem
749 1908 891 1972 ecclesie
914 1909 1087 1991 quondam
1111 1909 1326 1987 monachum,

212 1997 273 2062 sed
297 1989 408 2061 nunc¹
439 1996 725 2062 Bursveldensem
749 1989 945 2072 abbatemh,
969 1996 1160 2080 subrogans
1183 1997 1294 2062 eidem
1305 1998 1327 2058 ³.

212 2085 296 2150 Post
320 2086 383 2150 heo
408 2085 524 2149 divina
546 2086 687 2150 favente
711 2085 895 2150 clementia
918 2085 1082 2149 dominici
1106 2087 1256 2169 corporis
1279 2105 1327 2150 sa·

212 2178 438 2251 crumentum,
462 2175 554 2257 quod
582 2175 618 2237 in
642 2175 724 2238 anni
747 2173 905 2258 preteriti
927 2179 1094 2238 autumno
1124 2175 1161 2237 in
1184 2149 1416 2270 ecclesia&

177 2264 309 2328 rubeati
331 2264 475 2326 Martini
498 2262 680 2347 hospitalis
703 2263 894 2346 aquodam
918 2263 1074 2326 malefico
1097 2262 1193 2327 furto
1217 2263 1327 2328 subla-

211 2355 288 2416 tum
311 2352 428 2417 iuerat
451 2372 491 2416 ac
513 2352 550 2415 in
566 2351 698 2436 piscina
713 2352 861 2435 quadam
877 2351 1048 2416 diabolico
1062 2351 1234 2416 instinctu
1252 2352 1326 2416 sub·

213 2461 372 2518 mersum,
397 2441 516 2506 eodem
539 2441 696 2505 malefico
726 2461 787 2524 per
811 2440 1059 2505 confessionem
1090 2441 1256 2525 prodente
1280 2461 1327 2506 re·

213 2533 352 2614 pertum
375 2533 443 2607 est;
474 2534 684 2614 quapropter
707 2529 820 2594 dictus
844 2529 1001 2613 pontifex
1025 2523 1225 2593 cristanusk
1252 2551 1326 2594 oon-

214 2621 337 2684 vooato
359 2621 435 2682 toto
459 2619 610 2683 civitatis
634 2618 726 2682 clero
749 2618 794 2682 ad
818 2617 941 2696 locum,
965 2618 1027 2682 ubi
1050 2619 1116 2682 hoo
1139 2618 1326 2682 terrificum
1335 2595 1450 2712 (lffi),

177 2710 466 2772 sacramentum
495 2707 712 2772 reconditum
741 2707 867 2783 iuerat,
899 2707 1050 2790 perrexit
1072 2727 1113 2771 ac
1135 2707 1216 2772 inde
1240 2727 1326 2771 sum-

212 2798 312 2880 ptum
340 2796 499 2860 sollemni
522 2816 600 2860 oum
624 2796 839 2880 processione
866 2795 903 2859 in
927 2795 1072 2860 ecclesia
1094 2795 1194 2860 beate
1216 2796 1325 2860 Maris

212 2886 336 2950 devote
360 2885 542 2950 collocavit
551 2885 574 2946 ⁴.

318 2972 395 3038 Hoc
419 2975 524 3038 etiam
547 2995 637 3038 anuo
661 2973 710 3037 II.
727 2973 807 3037 Kal.
824 2973 947 3038 Marcii
968 2973 1121 3038 marchio
1144 2973 1438 3038 Misnensisraras.

210 3064 247 3126 in
263 3057 493 3128 Mitelbuseu¹
516 3063 718 3147 provinciali
737 3063 889 3146 presedit
912 3063 1057 3139 iudicio;
1080 3063 1142 3127 ubi
1164 3063 1326 3145 presenti·

175 3151 275 3216 abus
299 3152 419 3215 multis
442 3154 533 3217 terre
552 3151 738 3216 baronibus
761 3171 881 3235 paoem
905 3151 1049 3216 firmiter
1071 3155 1174 3235 atque
1198 3151 1325 3215 stabili·

209 3243 265 3306 ter
287 3239 482 3305 iuramento
505 3241 730 3318 confirmavit,
761 3240 877 3322 sicque
906 3244 998 3305 terre
1028 3240 1181 3305 eiusdem
1205 3240 1325 3324 prinoi-

210 3333 345 3413 patum,
385 3329 470 3394 licet
503 3351 523 3393 a
557 3329 732 3394 lbiderico
767 3329 940 3411 quondam
974 3329 1194 3412 imperatore,
1233 3348 1324 3392 nuuc

207 3519 231 3572 ι)
244 3521 306 3560 unde
320 3521 369 3564 incl.
382 3519 478 3570 suppIeot
492 3530 519 3558 aa·
532 3521 560 3559 lu
573 3529 628 3570 quae
642 3521 705 3566 intro
718 3529 739 3562 u.
749 3520 808 3562 1251.
822 3523 917 3558 narrata
925 3522 982 3569 urst,
996 3520 1068 3568 sparvo
1077 3529 1143 3558 vacuo
1157 3519 1229 3568 rel.1;
1243 3517 1326 3559 Electo-

207 3583 303 3625 ncwege
316 3575 418 3614 inunum
432 3577 466 3612 est
485 3574 555 3623 suppl.
570 3573 638 3616 Perta.
706 3573 728 3620 b)
748 3574 818 3623 suppl.
833 3573 903 3621 Perta,
925 3573 962 3621 qul
980 3571 1042 3610 addit
1061 3571 1151 3623 clvlum,
1172 3573 1244 3621 spatio
1259 3583 1325 3612 vacuo

171 3627 198 3668 86
207 3627 246 3670 nl.
261 3629 280 3670 1.
307 3625 328 3678 c)
342 3627 394 3666 daec
408 3647 434 3656 -
448 3626 519 3667 eidem
533 3627 559 3672 (i.
573 3627 686 3679 17)-1α1κ1
699 3627 747 3675 222.
756 3628 804 3675 611,
819 3627 856 3665 uti
868 3627 934 3665 Auno
948 3625 1017 3674 (1249)
1031 3624 1098 3668 cust.
1142 3623 1166 3676 d)
1179 3625 1210 3664 alo
1223 3626 1325 3669 11112.

206 3679 229 3730 θ)
242 3680 370 3721 murinus
383 3680 403 3722 2.
416 3680 468 3728 (P)·
487 3681 510 3718 {a
524 3681 570 3722 rod.
583 3683 624 3720 nat
636 3680 705 3728 sulus
719 3680 809 3724 addar,
876 3681 895 3728 1)
907 3679 938 3717 ste
952 3683 1006 3718 mu
1020 3680 1044 3730 13
1061 3689 1102 3729 per
1114 3679 1127 3717 Ι
1141 3683 1160 3719 ss
1174 3679 1238 3718 Pom
1250 3680 1325 3727 talete·

204 3735 265 3776 sm.
326 3736 349 3783 ς)
363 3709 537 3782 amandum·
552 3735 570 3775 1.
635 3734 658 3782 s>
672 3744 713 3775 om.
727 3733 746 3774 s.
814 3733 830 3780 r)
844 3743 901 3775 mon.
916 3737 940 3772 a
953 3731 1115 3773 sunruuemu
1129 3735 1148 3776 1.
1208 3733 1232 3782 ι)
1246 3733 1325 3772 mae.

205 3787 282 3836 Pam,-
295 3787 347 3826 xlx
362 3787 415 3838 (pro
429 3789 508 3837 xpsn‘l)
522 3789 541 3831 1.
613 3786 630 3835 1)
644 3787 760 3826 Multussn
775 3789 799 3837 1;
814 3786 841 3833 cf.
854 3797 924 3837 supro
933 3797 957 3836 p.
967 3786 1013 3837 10⁶,
1029 3787 1043 3830 l.
1057 3786 1078 3836 b,
1094 3783 1160 3834 infra
1168 3788 1249 3836 211³,
1265 3787 1279 3830 1.
1294 3789 1325 3826 11.

206 3947 234 4014 1)
251 3947 314 4001 Sal.
334 3945 481 4002 umbem,
514 3947 588 4011 Cave,
607 3963 639 3999 ns
656 3947 688 3998 dc
706 3945 861 3999 Christs'uno
879 3946 1074 4014 archiepiscopo
1092 3946 1140 4000 boo
1157 3947 1256 3999 dictum
1273 3962 1326 3999 me

168 4028 195 4066 so
206 4021 333 4086 opineris.
406 4021 434 4086 2)
451 4018 513 4072 Sor'l.
533 4017 713 4073 Lcmbertrsm.
748 4018 789 4082 Cf.
810 4017 889 4070 Oros.
907 4016 934 4072 S.
948 4018 1025 4070 Petri
1042 4034 1068 4072 α.
1083 4019 1159 4074 1249.
1232 4017 1261 4087 3)
1281 4017 1324 4082 Of.

204 4091 239 4144 ib.
259 4107 285 4144 a.
301 4091 380 4145 1250.
469 4091 497 4154 4)
517 4089 559 4154 Cf.
578 4089 654 4143 Necr.
673 4089 702 4141 S.
719 4089 828 4140 Murius
846 4089 906 4144 Iun.
926 4091 968 4153 14,
993 4088 1128 4143 ‘Zanclen
1147 4089 1170 4152 f.
1189 4089 1280 4144 decet.
1299 4089 1324 4143 d.

202 4159 375 4214 causaue
387 4159 440 4225 IV,
456 4177 486 4228 p.
498 4161 551 4216 253
563 4177 619 4228 su:
638 4159 720 4212 Anno
734 4161 811 4215 1250.
830 4158 972 4212 inventum
985 4163 1026 4212 est
1043 4175 1141 4226 corpus
1159 4158 1325 4214 dominicum

204 4231 234 4284 in
251 4231 357 4300 piscina
381 4231 410 4283 in
433 4229 530 4284 salicto
556 4235 584 4283 et
607 4247 669 4284 cum
695 4246 794 4312 magus
820 4230 1019 4313 sollempnitate
1044 4228 1218 4298 deportatum
1244 4235 1285 4285 est
1310 4247 1326 4283 a

205 4300 374 4372 Moguntino
401 4300 606 4371 archiepiscopo
624 4300 749 4355 Oristsno
772 4317 801 4355 m
826 4301 969 4354 ecclesiam
990 4301 1070 4354 beate
1089 4299 1208 4370 virginis.
1246 4303 1325 4356 Oros.

168 4375 232 4428 118.
246 4374 323 4426 Pari
339 4375 457 4431 (11249.
