3200 4844
292 347 328 402 42
409 345 436 402 S.
453 344 570 401 PETRI
587 345 849 405 ERPHESFUR'I'.
869 345 1130 402 CONTINUATIO
1148 345 1294 400 EKKEH.

207 534 283 587 1135.
294 529 467 593 consensit
490 533 642 594 vocatus.
690 530 804 594 Affuit
834 531 939 595 etiam
970 531 1039 594 dux
1069 529 1288 594 Boemiorum
1311 528 1417 593 Udal·

293 617 393 694 ricus,
425 618 485 700 qui
515 639 593 682 cum
624 622 714 684 essct
737 620 834 685 ducis
857 619 1065 684 Polencrum
1087 618 1331 682 infestissimus
1354 618 1418 681 ini-

293 707 412 784 micus,
448 708 685 772 reconciliavit
719 728 776 773 eos
810 709 957 774 invicem
991 709 1179 791 imperator
1217 707 1416 772 Lotharius.

293 795 473 860 Venerunt
503 817 638 879 quoque
668 797 713 861 ad
741 798 984 882 imperatorem
1012 797 1133 862 eodem
1155 800 1310 879 tempore
1345 796 1417 859 dux

293 905 383 947 unus
416 888 452 949 et
482 886 662 970 episcopus
692 905 713 948 a
745 906 826 970 rege
860 887 955 950 missi
979 885 1142 950 Gretiae¹
1176 906 1255 950 cum
1289 884 1456 968 legatiss

294 972 391 1037 ducis
427 973 592 1040 Venetiae
603 977 623 1052 ²,
664 978 912 1058 conquerentes
953 978 1057 1057 atque
1095 974 1262 1038 iudicium
1301 975 1418 1057 postu-

294 1063 406 1126 lantes
444 1063 607 1128 adversus
640 1061 841 1147 Riggerum
878 1065 1049 1146 quendam
1087 1063 1248 1128 comitem
1287 1061 1416 1138 Sicilie,

294 1145 354 1234 qui
372 1156 408 1216 et
430 1153 504 1236 regi
521 1151 661 1218 Gretiae
677 1153 853 1230 Affricam,
878 1171 965 1234 qnae
980 1151 1089 1216 tercia
1104 1171 1183 1236 pars
1206 1152 1327 1216 mundi
1342 1171 1418 1216 esse

295 1239 486 1304 dinoscitur
496 1241 516 1316 ⁸,
557 1242 660 1305 armis
702 1242 931 1325 expugnando
966 1262 1044 1305 cum
1085 1242 1227 1324 paganis
1269 1239 1418 1305 abstulit

295 1349 423 1411 suoque
466 1329 619 1394 dominio
654 1331 819 1407 subdidit,
861 1329 977 1413 ibique
1013 1330 1171 1393 diadema
1207 1329 1307 1412 regni
1350 1328 1473 1392 sibim

294 1418 485 1502 imponens,
510 1419 644 1502 regium
668 1439 794 1483 nomen
816 1419 1006 1503 usurpavit,
1035 1417 1219 1482 Veneticos
1250 1438 1330 1482 vero
1362 1418 1417 1501 de7

296 1507 455 1590 spolians,
481 1508 693 1572 diversarum
717 1508 882 1573 mercium
897 1508 1128 1590 quadraginta
1150 1506 1285 1570 milium
1308 1506 1419 1571 talen·

294 1599 410 1659 torum
445 1595 591 1660 abstulit
626 1597 788 1680 precium.
836 1596 904 1662 Sed
938 1599 974 1660 et
1008 1597 1050 1660 de
1084 1596 1229 1680 imperio
1259 1595 1417 1660 Romano

296 1687 407 1748 totam
422 1684 587 1768 Apuliam
618 1689 722 1768 atque
743 1684 940 1750 (lalabriam
963 1685 1144 1762 subtraxit,
1177 1684 1313 1766 aliaque
1345 1704 1418 1766 per·

296 1773 397 1856 plura
412 1777 534 1837 contra
556 1774 610 1837 ius
632 1774 754 1857 fasque
776 1775 997 1858 perpetravit.
1038 1772 1168 1837 Contra
1191 1773 1284 1836 hunc
1308 1773 1419 1855 igitur
1430 1793 1462 1834 rs

296 1861 548 1945 promittuntur
571 1883 592 1925 a
617 1862 739 1948 legatis
763 1864 807 1927 ad
823 1863 1102 1947 supplementum
1127 1861 1297 1926 exercitus
1313 1863 1419 1944 impe-

295 1950 420 2013 ratoris
443 1971 547 2015 naves
571 1951 739 2034 copiosae,
763 1951 914 2014 militum
936 1950 1089 2034 legiones
1105 1951 1315 2027 innumerae,
1341 1951 1419 2014 auri

296 2043 332 2104 et
366 2040 503 2123 argenti
536 2040 581 2103 ad
615 2061 751 2104 omnem
789 2040 987 2104 huiusmodi
1020 2059 1135 2104 rerum
1170 2039 1418 2103 sufficientiam

296 2129 472 2212 pecuniae.
504 2127 651 2207 Quantis
667 2150 707 2193 ac
727 2129 887 2211 qualibus
903 2129 1002 2192 donis
1018 2147 1059 2191 eo
1074 2131 1230 2212 tempore
1245 2127 1420 2192 Dominus

296 2217 516 2281 honoraverit
539 2218 790 2301 imperatorem,
815 2218 892 2300 quis
916 2217 1086 2301 explicare
1111 2215 1243 2299 possit?
1270 2217 1464 2293 Aurum,ac

295 2304 427 2390 lapides
452 2307 621 2388 preciosos
651 2306 758 2389 legati
788 2306 1005 2371 attulerunta
1033 2304 1176 2370 Greciae
1206 2325 1286 2368 cnm
1310 2305 1420 2370 diver·

294 2415 410 2459 sorum
433 2394 587 2460 colorum
606 2416 769 2479 purpura,
795 2398 949 2459 aromata
971 2394 1083 2457 multa
1105 2393 1207 2456 nimis
1231 2396 1267 2456 et
1290 2393 1327 2456 in
1353 2394 1420 2459 hac

293 2487 388 2548 terra
411 2484 578 2548 hactenus
602 2484 789 2567 incognita.
836 2483 904 2548 Sed
933 2487 969 2547 et
997 2483 1067 2545 dux
1089 2481 1254 2547 Poloniae
1279 2483 1420 2565 duxque

294 2572 456 2637 Boemiae
472 2573 580 2657 pelles
596 2565 725 2655 grisasb
753 2575 856 2654 atque
880 2570 1088 2635 mardelinas
1112 2591 1190 2634 cum
1212 2570 1317 2634 variis
1342 2572 1420 2635 auri

295 2665 330 2726 et
365 2662 501 2744 argenti
542 2661 755 2744 aliarumque
790 2661 1020 2745 preciosarum
1060 2680 1175 2724 rerum
1213 2659 1464 2724 muneribnsss

293 2753 394 2813 tanta
416 2749 609 2814 afferebant
639 2750 746 2833 copia,
775 2754 815 2812 ut
844 2748 962 2812 nullus
984 2751 1178 2832 superesset
1207 2748 1419 2833 principum,

294 2839 353 2921 qui
376 2837 430 2902 vel
447 2839 573 2902 ducum
596 2837 735 2901 illorum
759 2837 814 2902 vel
828 2837 1045 2920 imperatoris
1062 2837 1262 2901 muneribus
1286 2857 1322 2902 se
1347 2857 1421 2902 non

293 2928 461 3008 gauderet
500 2929 717 2990 honoratum.
770 2926 844 2990 Nec
888 2926 1002 2988 minus
1038 2926 1130 3008 regis
1168 2924 1421 3008 [Ιιιςιιιὶιιιιιιιε4

293 3015 412 3078 nuncii
434 3017 676 3099 imperatorem
707 3036 784 3079 cum
809 3013 931 3078 ceteris
954 3014 1167 3097 principibus
1189 3013 1419 3090 letificarunt,

294 3104 353 3187 qui
376 3104 553 3167 dominum
578 3123 678 3166 suum
710 3105 753 3166 ad
784 3121 920 3166 omnem
949 3102 1165 3185 imperatoris
1195 3101 1463 3168 voluntatemne

294 3213 371 3257 cum
396 3193 466 3256 suis
490 3193 649 3256 omnibus
672 3191 927 3276 paratissimum
950 3190 1168 3253 nuntiarunt.

186 3292 282 3342 senece.
399 3281 547 3345 Rursum
586 3282 774 3364 imperator
812 3277 961 3342 curiam⁰
1004 3279 1095 3342 circa
1131 3279 1262 3343 festum
1302 3282 1422 3344 sancti

292 3370 499 3435 Michahelis
522 3371 559 3433 in
575 3369 767 3450 Thuringia
789 3367 825 3429 in
841 3365 925 3429 villa
940 3367 1036 3449 regia
1051 3359 1262 3432 Millebuson
1278 3368 1420 3446 habuit,

292 3459 353 3523 ubi
388 3457 570 3522 Orinradus
603 3458 715 3520 frater
748 3454 915 3518 Friderici
949 3455 1056 3532 ducis,
1091 3455 1150 3538 qni
1185 3455 1252 3518 sibi
1288 3477 1422 3522 nornen

291 3548 425 3631 regium
449 3547 638 3629 usurpavit,
663 3545 817 3644 gratiam.
833 3543 1050 3626 imperatoris
1073 3543 1266 3626 acquisivit.
1304 3544 1462 3623 Quernas

289 3634 1156 3802 {nitet,instarentattttttt
1170 3631 1313 3804 ,tlte
1334 3639 1422 3788 {tl

290 3811 402 3895 gloria
423 3807 537 3872 redire
561 3807 725 3889 permisit.

289 3999 312 4052 a)
327 3999 365 4041 Gr.
379 4001 420 4040 an.
434 3997 460 4038 Ε.
474 3995 499 4037 Ρ,
553 3991 577 4042 b)
590 3993 621 4030 clo
636 3994 654 4034 l.
668 3991 699 4042 173
714 3993 798 4040 grisea·
813 3991 837 4035 P.
892 3992 912 4042 c)
926 4003 988 4032 snam
1003 3995 1055 4036 add.
1070 3995 1097 4035 E.
1112 3996 1138 4036 P.

290 4159 317 4224 1)
336 4155 457 4206 Iohanne
476 4153 612 4204 comneno.
651 4147 693 4210 Cf.
707 4148 778 4201 Αιιιι.
792 4149 819 4200 S.
832 4147 909 4198 Patri
924 4155 989 4214 ant,
1008 4167 1094 4220 cupra
1109 4171 1139 4220 p.
1154 4157 1196 4210 17.
1290 4161 1320 4226 2)
1343 4161 1462 4216 Patria

288 4226 394 4278 Polam'.
486 4221 514 4286 3)
539 4218 636 4295 0r081'1'·
651 4215 724 4270 ΗΜ.
749 4217 778 4282 I,
805 4220 840 4271 2²
870 4215 995 4270 Afficam
1108 4241 1172 4278 cum
1200 4227 1314 4282 tertiam
1344 4231 1424 4286 orbis

287 4297 396 4364 partem
415 4291 533 4342 maiores
551 4289 637 4338 nostri
655 4284 841 4352 accipiendam
859 4284 1057 4354 descripserint.
1129 4295 1158 4362 4)
1175 4296 1258 4350 Bolas
1276 4299 1318 4354 II.
