3222 4850
266 397 432 453 030ch
445 397 472 454 S.
482 397 598 454 PETRI
610 396 872 453 suscenseam
884 396 975 454 MOD.
994 397 1117 455 A.1270.
1206 401 1258 455 201

138 575 245 629 mortui
263 580 333 631 sunt.
441 574 574 630 Eodem
592 593 682 630 anno
707 576 802 630 inclita
821 579 849 630 et
865 575 1091 630 venerabilis
1109 575 1260 645 Thuringie
1270 559 1347 613 1270·

141 647 296 717 lantgravio
323 646 514 718 Margsrstast,
538 647 595 702 filie
621 647 756 702 Friderici
781 647 962 716 imperatoris,
989 646 1106 701 feliciter
1136 645 1204 700 obiit
1231 629 1368 723 ingfflf'f·

141 717 363 775 sumammuh.
469 717 603 773 Eodem
629 736 717 773 anno
739 736 788 772 rex
807 716 980 788 Arragonieb
1003 721 1031 772 et
1051 733 1101 770 rex
1117 716 1255 771 Navarie⁰
1351 715 1356 726 '

142 806 194 843 nec
211 806 269 843 non
286 794 315 843 et
332 806 381 844 rex
398 789 501 860 Anglie
519 789 705 844 Odesrsrdusd
728 789 927 860 crucesignati
945 805 1007 842 cum
1025 787 1079 842 suis
1098 788 1260 843 exercitibus

104 877 124 918 5
140 860 170 914 iu
197 860 347 915 subsidium
373 859 457 915 'l'erre
482 859 581 915 Sancte
604 871 673 930 pers
702 878 777 914 mare
802 877 864 914 cum
889 858 974 929 regef
1003 857 1118 913 Francis
1141 858 1261 928 profecti

140 936 240 1001 sunta,
265 931 314 986 sed
336 931 450 986 minime
473 935 658 1001 pervenerunt
680 936 708 986 et
726 936 821 986 conda
838 931 1011 1000 Sarracenos,
1029 930 1120 984 hostes
1139 931 1259 998 ecclesie,

140 1002 227 1057 nichil
245 1007 306 1056 aut
323 1020 420 1072 parum
438 1003 533 1072 utique
550 1001 757 1072 perfecerunth.
873 1001 1005 1056 Eodem
1025 1018 1115 1055 anuo
1133 999 1261 1055 Flisonm

141 1090 224 1128 cruce
249 1074 348 1143 signati
373 1078 435 1128 sunt
461 1074 569 1128 circiter
592 1073 645 1127 XL
670 1073 745 1127 milia
769 1077 796 1128 et
820 1072 952 1143 emplius3
977 1089 1040 1127 cum
1063 1072 1117 1125 suis
1144 1071 1260 1141 propriis

141 1143 273 1198 navibus¹
297 1144 415 1214 profecti
432 1149 496 1199 sunt
514 1145 541 1197 in
561 1143 713 1198 subsidium
725 1143 809 1198 Terre
821 1143 930 1198 Sancte.
1017 1143 1150 1197 Eodem
1169 1159 1259 1197 anno

103 1234 133 1272 ιο
141 1215 217 1269 missi
235 1215 363 1270 Westiali
382 1233 444 1270 cum
463 1217 545 1270 armis
570 1233 586 1269 a
604 1215 715 1270 Simone
740 1232 755 1269 e
774 1215 867 1283 iscopo
885 1214 1104 1269 Pederburnensi
1121 1214 1214 1282 spoliis
1233 1217 1260 1267 ct

140 1286 276 1341 incendiis
294 1303 326 1340 ao
339 1287 452 1356 captivis
465 1286 612 1341 educendis
623 1289 731 1340 vmtare
779 1286 876 1340 assim
894 1286 923 1340 in
942 1285 1035 1340 odium
1046 1284 1171 1339 Heinrici
1184 1285 1259 1338 ducis

141 1375 265 1430 eiusdem
284 1380 364 1444 terre,
382 1376 472 1430 subito
491 1375 568 1446 quasi
592 1375 620 1429 in
643 1393 698 1429 una
722 1375 789 1429 hors
813 1391 869 1428 non
887 1375 969 1444 longe
988 1392 1004 1427 a
1021 1372 1146 1427 lbizlerk
1167 1361 1260 1445 apud

140 1451 261 1516 villam
285 1451 486 1518 Holzhuseh
515 1482 549 1519 ex
572 1465 638 1534 ipsis
655 1463 796 1518 Westialis
821 1463 903 1518 occisi
926 1466 989 1516 sunt
1007 1467 1117 1517 centum
1136 1465 1164 1516 et
1182 1463 1259 1530 quin·

11 1613 12 1616 ‡
103 1535 637 1662 „some
655 1534 972 1660 isumus
987 1599 1259 1658 ιι

141 1695 171 1732 se
189 1677 308 1731 redemit
324 1624 388 1731 iffil
400 1678 504 1733 marcis.
544 1625 575 1660 us
594 1625 758 1731 Eodglrjnm
776 1693 865 1730 anno
883 1675 958 1746 Egra
976 1676 1071 1730 civitas
1089 1679 1184 1730 exusta
1203 1679 1258 1742 cst;

141 1753 261 1817 quatuor
286 1748 384 1802 fratres
409 1749 450 1803 de
475 1747 601 1802 ordine
619 1747 773 1802 Minorum
798 1748 826 1800 in
846 1747 960 1800 ecclesia
976 1747 1093 1801 fratrum
1110 1747 1213 1801 ibidem
1232 1750 1259 1800 st

141 1837 205 1874 cum
224 1819 289 1890 ipsis
308 1824 417 1874 centum
435 1820 558 1874 homines
576 1823 604 1874 et
622 1819 695 1873 ultre
712 1819 770 1873 Deo
786 1818 962 1887 permittente
981 1817 1093 1872 cremati
1112 1821 1139 1871 et
1156 1818 1259 1872 incine-

11 1953 12 1968 χ
141 1891 196 1945 rati
214 1894 285 1946 sunt.
383 1889 448 1944 Hoc
465 1891 576 1944 eciam
594 1907 673 1958 anne,
692 1893 838 1958 postquam
855 1889 967 1942 illustria
984 1906 1033 1943 rex
1051 1888 1212 1943 Ludewicus
1230 1889 1259 1941 in

11 1973 12 2000 r
104 1961 366 2032 soperegrinacione
379 1962 426 2015 *dc
444 1965 517 2016 terra
534 1979 583 2015 sua
601 1978 723 2032 egressus
741 1979 804 2015 oum
824 1964 934 2014 centum
952 1961 1061 2014 milibus
1079 1977 1159 2014 cruce
1171 1960 1359 2030 signe-*mssa

142 2041 234 2087 torum
254 2037 282 2086 et
300 2033 372 2086 ultra
397 2032 431 2087 de
449 2031 561 2086 diversis
579 2032 670 2102 regnis
688 2031 810 2086 ascendit
827 2048 911 2099 mare,
936 2035 967 2084 ut
988 2030 1207 2100 proficisceretur
1225 2030 1259 2084 ad

142 2102 338 2158 debellandum
363 2103 527 2158 Sarracenos
552 2107 580 2157 et
604 2103 733 2158 barbaras
757 2103 893 2170 naciones,
917 2102 1055 2170 quoddam
1079 2102 1205 2156 mirabile
1232 2105 1260 2156 et

142 2175 292 2243 insolitum,
317 2192 334 2228 a
355 2175 452 2228 seculis
474 2191 530 2228 non
556 2175 687 2240 auditum,
712 2173 741 2226 in
758 2191 850 2228 mense
870 2173 944 2226 Iulio
963 2173 1033 2227 circa
1050 2172 1151 2226 festum
1168 2177 1260 2228 sancte
1349 2208 1352 2218 ·

142 2245 321 2316 l‘durgaretc11
343 2245 425 2299 servis
449 2245 503 2298 suis
528 2245 671 2299 altissimus
696 2244 838 2299 ostendere
863 2243 1026 2316 dignabatur
1050 2243 1078 2296 in
1103 2244 1259 2314 presagium

104 2318 313 2384 soluturorum,
343 2316 492 2370 secuudum
523 2316 597 2384 quod
626 2315 748 2370 iudicant
777 2315 919 2384 sapientes.
964 2315 1037 2368 Nam
1066 2313 1165 2370 XIIII.
1195 2315 1260 2368 Kal,

142 2388 265 2458 Augusti
281 2404 333 2456 per
348 2389 474 2442 nunctios
492 2389 520 2441 iu
538 2387 644 2456 scriptis
662 2387 807 2458 diligenter
831 2391 859 2441 et
884 2387 1010 2440 celeriter·
1033 2385 1087 2439 ruit
1104 2386 1261 2439 transmisse

144 2459 265 2512 Parisius
288 2458 425 2528 magistris
450 2459 508 2526 ipsa
532 2458 600 2511 visio
625 2458 761 2524 terribilis,
787 2475 840 2526 que
865 2457 940 2511 telis:
967 2455 1054 2510 Erant
1071 2455 1208 2510 Iohannes
1226 2456 1260 2511 de

143 2529 240 2584 Prisco
269 2533 296 2583 et
323 2528 407 2583 frater
426 2529 583 2584 waltherus
610 2529 645 2583 de
672 2529 753 2598 Hoyo
779 2529 881 2582 ordinis
907 2527 1048 2582 Minorum
1075 2528 1110 2581 de
1137 2527 1261 2582 custodia

142 2599 279 2666 Picardie,
297 2600 344 2654 sed
357 2599 391 2653 de
404 2605 540 2654 conventu
549 2599 711 2654 Valentini⁰
725 2601 754 2654 in
767 2600 889 2654 custodia
901 2597 1096 2665 Cameracensi,
1115 2598 1260 2653 existentes

104 2673 172 2730 eoin
191 2675 280 2726 cestro
299 2671 372 2740 quod
384 2671 484 2725 dicitur
500 2670 655 2740 Herpcrs0,
673 2672 741 2725 hora
759 2671 834 2740 quasi
852 2670 1006 2739 vespertina
1023 2670 1151 2724 viderunt
1175 2669 1260 2724 oculis

142 2743 331 2812 corporalibus
343 2742 428 2796 solem
439 2742 597 2797 rutilantem
609 2743 710 2811 absque
719 2743 836 2796 nubibus
846 2742 998 2796 claritatem
1011 2742 1124 2795 suumin
1136 2742 1260 2794 lunarem

141 2813 308 2884 palledinem
327 2814 417 2868 subito
436 2818 619 2882 commutare3
638 2831 720 2882 quam
737 2813 904 2883 palledinem
929 2816 986 2866 tam
1008 2813 1160 2866 mirandam
1178 2829 1260 2880 quam

142 2885 310 2939 horrendam
338 2884 404 2938 dum
432 2885 499 2939 dicti
528 2884 625 2939 fratres
653 2902 716 2939 oum
744 2888 853 2938 centum
881 2883 1078 2953 quinquaginta
1106 2883 1260 2937 hominrbus

143 2956 286 3024 utriusque
304 2973 390 3022 sexus,
415 2955 463 3024 qui
487 2960 543 3009 tarn
566 2955 704 3010 insolitum
722 2955 847 3010 videre
866 2956 1050 3024 spectaculum
1069 2959 1260 3020 convenerant,

106 3045 207 3091 ascum
227 3027 328 3080 'multa
352 3026 523 3081 desolacione
549 3031 576 3081 et
601 3031 704 3081 terrore
726 3027 906 3096 respicerent:
934 3043 997 3080 ecce
1021 3026 1094 3080 faeta
1112 3029 1152 3079 est
1170 3025 1260 3078 subito

36 3103 131 3153 ’Μθθ-
143 3099 217 3152 intra
235 3097 331 3152 solaris
350 3097 470 3168 corporis
488 3097 674 3152 extremitates
692 3097 783 3152 scissio
808 3098 933 3166 quedam,
952 3114 1005 3166 que
1029 3098 1058 3150 in
1082 3095 1138 3150 sole
1157 3096 1185 3149 in
1203 3112 1261 3148 mo·

142 3170 211 3223 dum
229 3185 308 3238 spere
326 3169 496 3223 circulariter
513 3169 662 3240 girabatur,
681 3172 709 3223 et
726 3185 873 3237 parumper
885 3172 948 3236 post
966 3171 1007 3221 est
1023 3167 1058 3220 ed
1075 3167 1261 3236 integritatem

141 3239 287 3310 pristinam
305 3239 476 3306 reformatus,
494 3241 627 3309 pallorem
644 3243 738 3293 tamen
748 3239 868 3293 retinens
888 3243 918 3292 ut
935 3239 1018 3306 prius.
1051 3237 1173 3306 Cumque
1191 3237 1262 3290 circa

142 3315 271 3380 quartam
289 3314 395 3379 partem
413 3311 480 3364 hore
498 3311 532 3364 de
550 3310 641 3381 spacio
659 3310 790 3378 temporis
807 3309 953 3376 transisset,
971 3324 1055 3363 ecce
1073 3308 1113 3361 sol
1131 3308 1203 3360 visus
1221 3311 1263 3362 est

104 3381 232 3436 coscindi
248 3387 322 3435 recte
340 3398 390 3450 per
407 3382 528 3436 medium
547 3400 580 3436 ex
598 3386 751 3435 transverso
773 3380 801 3433 in
819 3384 909 3449 partes
927 3396 977 3448 per
995 3379 1086 3433 omnia
1104 3379 1262 3447 coequales;

143 3457 173 3508 et
191 3453 258 3507 dum
276 3453 328 3506 hee
346 3453 441 3506 divisio
460 3456 612 3522 appareret,
630 3452 701 3506 visus
720 3455 762 3505 est
773 3451 815 3504 vir
832 3454 952 3504 armatus
970 3450 998 3503 iu
1017 3466 1086 3518 equo
1105 3453 1208 3502 armato
1228 3449 1262 3502 ab

143 3525 252 3578 oriente
276 3523 387 3578 veniens
413 3529 441 3579 et
458 3541 508 3592 per
525 3523 647 3578 medium
672 3522 735 3576 solis
753 3521 880 3593 gradiens
898 3521 1009 3590 paulato
1027 3520 1133 3574 incessu
1151 3519 1263 3573 disrertit

143 3595 180 3648 ad
198 3594 376 3650 occidentem.
414 3593 536 3664 Oumque
561 3599 623 3663 post
644 3593 782 3648 modicum
805 3593 856 3647 iste
879 3591 1060 3660 disparuisset,
1079 3590 1150 3644 viam
1175 3594 1263 3644 estet

144 3667 215 3720 alter
232 3666 344 3719 veniens
370 3667 404 3720 ab
429 3666 571 3720 occidente
596 3669 624 3720 et
648 3665 760 3719 divertit
780 3663 967 3718 adorientem
984 3662 1030 3715 sia
1048 3661 1158 3715 omnino
1176 3661 1263 3731 priori

104 3736 292 3804 moecharis,
312 3737 367 3790 *vir
385 3741 504 3790 armatus
520 3737 551 3790 in
566 3752 635 3806 equo
653 3740 758 3790 armato
776 3751 826 3804 per
837 3734 958 3788 medium
977 3732 1041 3787 solis
1059 3732 1099 3786 ire
1116 3733 1188 3786 visus
1207 3735 1358 3800 est3⁸f·1re.

145 3811 174 3862 et
198 3825 296 3876 parum
321 3811 393 3876 post,
411 3825 474 3862 cum
497 3807 542 3861 hic
566 3806 692 3860 similiter
713 3807 872 3874 evanuisset,
891 3805 946 3859 duo
965 3804 1027 3874 equi
1045 3803 1143 3857 armati
1161 3805 1262 3872 absque

144 3879 295 3933 sessoribus
312 3879 341 3931 in
359 3878 417 3932 sole
441 3878 492 3932 sibi
516 3881 690 3935 occurrentes
714 3877 894 3946 transierunt3
922 3877 968 3945 qui
994 3892 1057 3929 cum
1082 3875 1261 3944 evanuissent,

143 3949 275 4020 apparuit
292 3950 395 4003 homo
413 3966 511 4032 magne
530 3953 632 4002 statmo
651 3947 816 4002 admodum
834 3949 946 4001 latronis
969 3947 997 4001 in
1015 3945 1079 4000 solis
1097 3945 1188 4000 medio
1206 3963 1261 3999 sus·

144 4038 252 4093 pausus,
278 4020 326 4090 qui
350 4020 419 4074 adeo
444 4020 559 4074 discrete
583 4019 691 4073 viderit)
713 4023 829 4088 poterat,
851 4018 925 4088 quod
943 4018 1015 4072 funis
1032 4018 1143 4090 cingens
1162 4017 1262 4071 collum

105 4179 572 4230 wa)ch1.N,·liargaretbs1.Rt.
613 4179 636 4227 bl
650 4179 774 4228 Arrogonie
787 4179 877 4223 ΜΗ.
917 4181 938 4226 ι)
951 4179 1052 4220 Navarra
1066 4175 1125 4221 Μ.
1166 4175 1190 4224 d)
1203 4177 1262 4217 Eds-

145 4233 312 4284 narrassem
333 4234 434 4277 ondit.
488 4230 793 4284 e)per-snntm.2··b.
853 4233 946 4282 oroglo
960 4235 979 4274 1.
1031 4231 1164 4284 matrim
1186 4231 1263 4272 ocul.

145 4287 534 4338 hlste13proiec.0r.dliss.00st.
575 4285 635 4336 llstc
649 4287 681 4335 R,-
695 4286 797 4326 manibus
811 4288 830 4329 1.
876 4285 1010 4336 k)sersa;
1024 4286 1097 4326 Frisia
1112 4287 1130 4327 1.
1170 4285 1230 4332 llstc
1244 4285 1263 4326 l.

145 4341 244 4392 nr)1pso
259 4339 317 4384 qus,
370 4342 393 4390 ιι)
406 4342 437 4380 stc
450 4340 483 4389 B,-
497 4339 639 4390 Margaretbe
653 4343 672 4384 1.
725 4338 747 4391 o)
760 4340 792 4379 sic
806 4341 824 4382 1.
838 4339 865 4382 R.
919 4338 1262 4389 metamaucensem.

142 4404 254 4444 asspm.
268 4394 276 4432 l
289 4405 346 4436 corr.
358 4393 429 4434 sideri
444 4395 462 4435 1,
