3266 4852
339 355 392 410 504
738 349 903 405 ORONIOA
922 348 1057 406 MINOR.

338 532 424 599 edidi
448 532 507 598 SS.
523 531 642 612 XXX,
661 553 696 613 p.
711 537 831 612 iltisa.
856 531 990 596 Pistorii
1012 531 1108 596 editio
1131 551 1196 596 mou
1218 531 1319 596 sotum
1341 533 1453 598 mutila

338 629 391 702 cst,
414 621 550 702 uidisti,
574 621 630 686 scd
651 620 745 685 etiam
767 620 891 685 meudis
912 619 1113 703 pravissimis
1136 626 1240 700 scatet,
1264 641 1355 702 saepe
1377 643 1453 687 uou-

337 711 428 776 mutta
456 712 551 775 ceria
581 709 706 790 omissa,
737 709 806 774 etia
834 710 916 773 mate
939 709 1133 790 transposita
1155 716 1248 788 suat,·
1278 712 1361 790 quod
1388 732 1454 776 mou

336 799 462 878 mirum,
487 819 556 863 cum
572 798 732 863 Pistorius
753 819 852 863 uuum
875 797 1009 862 codicem
1032 818 1097 862 mom
1114 805 1188 862 aute
1211 819 1290 863 saec.
1306 798 1387 864 XV.
1404 821 1451 864 coc.

336 887 509 968 scriptum¹
531 886 677 951 habuerit
685 889 705 950 ².
758 885 856 952 Ouiae
881 885 1049 950 editionem
1078 907 1147 951 cum
1170 885 1359 966 Leibuitius,
1392 888 1484 954 so..

338 997 446 1041 rerum
474 975 646 1040 Bruusoio.
675 975 753 1055 ΙΙΙ,
779 997 814 1056 p.
839 980 1041 1056 558-600,
1072 976 1283 1040 recuderutam
1316 984 1451 1056 arraret,

336 1064 592 1129 animadverteris
615 1071 808 1146 postremam
831 1070 958 1145 partem
986 1063 1023 1128 ia
1052 1063 1243 1129 monasterio
1267 1065 1301 1129 S.
1321 1063 1453 1146 Aeputii

336 1151 569 1218 Bruusoiceuei
591 1153 743 1234 scriptam
765 1173 838 1232 esse,
864 1175 885 1217 a
899 1153 1052 1217 monacho
1072 1151 1166 1216 huius
1188 1152 1334 1218 ecciesiae
1357 1160 1452 1218 totum

336 1241 452 1306 librum
474 1241 674 1323 compositum
692 1263 757 1306 esse
779 1241 936 1322 opimatus,
966 1240 1161 1306 Otrouicam
1182 1242 1214 1306 S.
1233 1241 1365 1323 Aepidii
1387 1263 1453 1307 mou

336 1331 411 1396 boue
431 1329 610 1395 uomimaoit
618 1331 638 1410 ³,
663 1350 723 1411 quo
744 1331 801 1395 sub
825 1329 913 1394 tituio
936 1336 999 1394 tres
1014 1329 1156 1395 diuersae
1179 1329 1247 1394 eius
1258 1337 1371 1412 partes
1387 1331 1488 1412 ptem

335 1440 465 1500 raraeque
488 1418 677 1484 citabantur.

446 1507 555 1572 Tertia
577 1507 690 1572 classis
713 1507 864 1572 iibrorum
887 1506 1081 1572 rcccusiouis
1095 1506 1129 1571 B
1145 1507 1356 1589 complectitur
1371 1507 1451 1573 codi-

336 1617 384 1661 ces
412 1595 446 1660 B
470 1602 498 1659 4.
528 1602 558 1660 5.
588 1601 629 1659 5⁸
663 1602 691 1661 et
721 1596 922 1677 archetypum
951 1595 1145 1661 receusiouis
1179 1596 1296 1675 fratris
1326 1596 1452 1662 Suemci

336 1684 461 1749 oreimis
477 1684 739 1750 Praedicatorum
756 1681 832 1767 (D).
872 1684 922 1748 Hi
940 1684 1060 1750 codices
1081 1685 1118 1748 io
1140 1685 1303 1766 simputare
1325 1686 1449 1767 habeut,

335 1775 418 1855 quod
437 1794 501 1837 mou
518 1793 639 1854 puram
657 1772 869 1838 receasiouem
882 1772 916 1837 B
928 1774 1091 1854 praeberet.
1124 1774 1168 1838 Iu
1184 1774 1351 1856 archetypo
1366 1774 1486 1838 eri-imis

335 1883 450 1941 eorum,
478 1862 534 1943 pori
556 1861 767 1926 reccusioaem
791 1862 874 1927 itauc
897 1861 1081 1942 coatimebat,
1110 1861 1314 1928 Ooutiuuatio
1336 1863 1449 1928 breois·

334 1951 417 2014 sima
444 1973 474 2014 a.
503 1952 757 2032 1265—12744,
781 1950 872 2014 uobis
894 1950 996 2030 tertia,
1021 1951 1132 2016 addita
1160 1957 1212 2032 est,
1242 1951 1280 2016 iu
1302 1971 1366 2032 qua
1389 1954 1450 2016 duo

335 2039 394 2104 ioci
423 2059 461 2103 coc
493 2038 736 2104 Cautiauatione
765 2046 898 2120 quartae
928 2039 1085 2120 editionis,
1111 2039 1222 2120 prium
1251 2046 1370 2120 mostra,
1402 2041 1450 2105 de-

333 2127 444 2209 scripti
466 2134 549 2208 sumt,
573 2134 602 2192 et
624 2149 662 2192 eu
684 2128 788 2192 eodem
818 2127 920 2192 codice
942 2134 1075 2209 quartae
1097 2127 1298 2208 recensionis,
1329 2150 1368 2192 ec
1390 2149 1450 2210 quo

333 2215 369 2280 ru·
402 2217 517 2298 sumpti
550 2223 636 2297 suut,
671 2217 760 2281 haud
786 2217 885 2298 pauci
919 2216 978 2281 toci
1011 2216 1126 2282 adiecti
1159 2223 1233 2282 suut
1242 2218 1262 2280 ⁵.
1308 2217 1380 2282 Hos
1413 2218 1486 2282 imm

332 2305 533 2387 marpimibus
559 2305 710 2385 foliorum
733 2311 761 2370 et
784 2305 945 2388 archetypi
968 2305 1056 2369 itlius
1078 2312 1108 2370 et
1128 2305 1356 2386 ecemptarium
1378 2326 1448 2387 quo·

332 2395 471 2458 rumdam
500 2415 539 2458 ea
567 2415 602 2459 eo
631 2393 910 2474 transscriptorum
941 2394 1073 2474 scriptos
1102 2394 1203 2474 fuisse
1230 2395 1348 2475 patet‘i
1380 2416 1448 2460 cum

332 2502 398 2547 mou
431 2503 537 2547 moues
569 2483 689 2548 codices
721 2483 817 2546 tuccius
846 2482 959 2547 classis
992 2489 1021 2547 et
1053 2482 1246 2548 receasioais
1275 2483 1310 2547 D
1344 2504 1449 2548 omues

332 2570 389 2635 hos
419 2571 499 2636 iocos
529 2571 718 2652 contineant,
748 2573 832 2635 uuae
861 2571 1019 2653 copaosm's
1049 2573 1088 2636 ab
1118 2571 1195 2636 aiiis
1223 2571 1338 2637 scribis
1367 2572 1449 2637 aiios

332 2660 414 2724 iocos
436 2660 473 2724 iu
487 2659 688 2742 marpiuibus
710 2660 842 2744 scriptos
864 2681 929 2724 moa
951 2667 1087 2741 receptas
1105 2681 1179 2725 esse.
1213 2661 1318 2725 Haud
1331 2661 1485 2741 detritam

331 2748 410 2830 quim
432 2748 513 2814 iiber
528 2749 714 2831 archetypus
728 2749 824 2813 huius
839 2748 951 2814 classis
973 2748 1010 2812 iu
1029 2755 1180 2814 coaoeutu
1194 2750 1335 2829 fratrum
1351 2749 1448 2814 Prae·

335 2975 489 3041 ssuriupia
507 2976 547 3027 oct
564 2977 594 3027 iu
606 2975 728 3028 Saumiia
746 2993 804 3028 eam
822 2978 998 3043 cauuiptam
1010 2992 1063 3028 esse
1074 2978 1192 3038 corrictus,
1210 2992 1270 3028 oum
1281 2977 1447 3042 cocunplaria

332 3045 459 3098 Orouiure
483 3047 600 3098 Minoris
625 3047 675 3098 hac
700 3049 902 3100 Continuationc
926 3053 1018 3099 auctae
1041 3050 1071 3098 iu
1096 3049 1257 3100 monasteria
1282 3047 1446 3100 Reinhardo·

330 3116 479 3168 brunumsc
496 3123 520 3169 et
538 3118 566 3169 S.
579 3117 686 3184 Aspidii
701 3119 892 3170 Bruusoieeusc
910 3119 995 3170 coliata
1012 3121 1074 3172 sirit.
1155 3120 1181 3184 1)
1200 3119 1235 3170 Iu
1249 3119 1359 3184 proiopo
1376 3121 1446 3170 euim

330 3203 458 3240 aumerm
469 3185 623 3243 Meam.
635 3191 665 3240 iu
678 3187 934 3243 MOOOOLXXIV.
947 3195 1066 3241 mutatus
1079 3196 1124 3244 cst.
1143 3189 1216 3241 Etsi
1227 3189 1341 3242 Granico
1354 3190 1447 3242 Minor
1456 3198 1483 3238 so

330 3265 353 3311 et
365 3260 486 3311 Annales
504 3259 532 3313 S.
543 3261 653 3325 Aspidii
669 3262 699 3312 in
710 3261 918 3312 Paraetacene
935 3261 1047 3312 diocrsi‘s
1064 3261 1188 3313 manibus
1205 3261 1305 3311 diversi
1321 3264 1446 3328 turperis

329 3331 425 3398 empti
441 3331 564 3394 suissed,
583 3331 626 3382 hic
643 3331 872 3384 animadvertisset
889 3347 943 3383 nom
961 3348 1046 3383 unum
1063 3347 1130 3398 opus
1147 3348 1173 3384 sc
1190 3333 1310 3386 admisse.
1346 3331 1398 3384 Sui
1415 3335 1445 3382 in

326 3401 497 3468 praefatione
508 3404 632 3468 scripsit:
646 3399 810 3470 compilatio
821 3400 1019 3470 chronologica
1031 3419 1046 3454 e
1058 3401 1171 3454 disemis
1181 3401 1322 3454 Chronicis
1335 3401 1369 3454 ab
1380 3418 1445 3454 ano·

328 3487 411 3539 nymo
424 3471 539 3525 authore
552 3477 688 3540 excerpta.
742 3476 769 3539 2)
786 3475 889 3526 Multos
900 3474 1024 3526 ruminas
1035 3473 1239 3525 narrationibus
1250 3476 1443 3540 praescriptos,

329 3559 362 3595 aa
385 3543 468 3596 caiae
490 3545 589 3610 procui
609 3543 688 3596 dubio
711 3551 842 3612 sumptas,
866 3544 999 3597 Pistorius
1024 3545 1108 3611 hoba,
1135 3560 1203 3611 quas
1229 3559 1283 3596 nou
1311 3545 1481 3599 adnotamus

330 3615 358 3682 3)
375 3615 438 3666 Nou
449 3620 515 3667 rootc
529 3614 568 3668 W.
584 3615 761 3681 Watienbactr,
777 3617 820 3668 ίΙ).
835 3617 902 3680 GQ!
913 3617 951 3670 ed.
965 3619 990 3671 6.
1010 3615 1049 3681 II,
1066 3632 1095 3682 p.
1108 3617 1171 3681 464,
1190 3617 1305 3667 Pistorii
1319 3631 1444 3681 mappam

329 3686 536 3753 compilationum
560 3691 584 3737 ct
602 3685 732 3738 Leibuitii
749 3687 908 3738 C'tsrmiicam
926 3688 952 3740 S.
966 3687 1081 3754 Aspida]
1107 3692 1243 3753 tauquam
1268 3687 1374 3739 diuma
1391 3685 1444 3738 duo

330 3772 411 3824 opera
427 3764 518 3824 mmo,
538 3757 673 3811 distimit.
704 3757 860 3825 leibuuius,
880 3759 927 3812 SS.
941 3758 996 3824 III,
1011 3774 1041 3825 p.
1057 3761 1089 3813 19
1102 3774 1149 3825 sq„
1167 3773 1180 3809 c
1197 3759 1348 3810 saumuro
1365 3773 1445 3824 quae-

328 3829 392 3879 dam
410 3829 505 3881 mmda
522 3827 645 3880 eduiouis
663 3828 834 3880 Pistoriauae
851 3835 917 3881 recte
934 3831 1059 3882 mireum
1139 3831 1167 3894 4)
1186 3829 1237 3881 Sed
1254 3831 1284 3880 in
1302 3829 1444 3896 archetypo

329 3899 445 3951 mireum
462 3899 524 3954 135.
537 3901 576 3954 Ι)ιι
598 3899 719 3950 additum
745 3907 782 3951 est
807 3901 968 3966 Greporium
986 3900 1036 3954 IX.
1062 3916 1089 3953 a.
1109 3901 1185 3954 1276.
1211 3901 1365 3964 defunctum
1383 3909 1481 3953 essum

329 3971 356 4038 5)
375 3970 433 4022 Hoc
449 3972 507 4022 siue
525 3969 581 4020 ulla
592 3970 755 4022 dubitatione
772 3971 910 4022 ammodum
922 3977 967 4037 est,
985 3987 1045 4022 cum
1063 3976 1086 4022 et
1102 3971 1152 4022 loci
1161 3973 1320 4023 recommonis
1331 3978 1445 4038 murtae

328 4043 358 4093 in
375 4041 504 4093 codicibus
521 4041 603 4093 huius
620 4041 712 4093 classis
729 4044 910 4108 inveniantur,
928 4045 977 4109 qui
993 4045 1023 4094 iu
1040 4045 1188 4095 recursione
1203 4043 1229 4094 B
1246 4043 1395 4107 astabant,
1415 4044 1445 4093 iu

328 4119 428 4178 quarta
452 4127 512 4164 vero
533 4115 681 4165 recensione
705 4115 803 4164 mutati
825 4115 866 4165 oet
889 4115 1049 4180 transpositi
1065 4121 1137 4177 urat,
1154 4121 1186 4166 ut
1202 4114 1233 4164 de
1250 4114 1339 4166 codun
1357 4129 1387 4166 re
1404 4113 1445 4166 bis

328 4186 358 4233 in
376 4183 419 4234 his
438 4183 515 4235 lions
532 4183 647 4236 reustum
671 4186 715 4250 sit,
740 4189 770 4234 ut
795 4185 893 4236 cauom
918 4185 979 4237 locis
1000 4186 1134 4239 aimtaoi.
1206 4186 1235 4252 6)
1260 4185 1335 4237 Unus
1353 4199 1444 4236 eorum

328 4256 512 4321 a.1241‚qui
536 4260 639 4306 tontum
662 4257 692 4307 iu
710 4256 824 4311 Besa
845 4258 988 4323 tremitur,
1014 4258 1094 4309 otiam
1118 4271 1190 4308 nuuc
1214 4257 1244 4306 iu
1268 4271 1323 4308 uuo
1346 4255 1481 4307 huumu

327 4323 441 4376 codicum
460 4328 490 4375 ia
508 4328 631 4391 marpim
649 4327 766 4394 scriptus
782 4333 827 4381 est.
