3246 4848
605 381 772 438 ORONIGA
789 381 923 438 MINOR.
1270 386 1322 438 597

203 570 379 630 Constituit
402 571 532 642 etiam⁸‚
557 559 661 647 qnodb
681 571 782 630 servi⁰
803 575 836 630 et
854 572 1012 630 criminosi
1035 576 1068 630 et
1090 561 1208 629 etiam‘l
1227 589 1323 630 mere·

203 661 297 719 tn'ces
321 659 487 718 accusare⁰
516 665 650 735 possunt
672 656 908 735 symoniacos1.

365 862 490 932 Quatuor
514 880 613 916 uxores
641 862 788 932 legittimas
816 861 878 916 eti
902 861 985 916 simul
1011 862 1050 916 eis
1076 863 1177 917 habere
1203 864 1269 917 licet
1295 867 1379 916 et1ae.

365 934 516 1002 quamlibet
546 951 631 1002 usqua
660 933 746 988 tercio
776 933 921 1002 repudiare
951 937 980 987 at
1006 951 1098 986 rursus
1125 934 1256 1003 recipere,
1283 933 1323 987 ite

365 1011 466 1074 tamen,
492 1009 523 1059 ut
548 1003 753 1074 quaternarium
777 1021 923 1058 numerum
941 1021 1091 1058 uxorum
1110 1021 1167 1058 non
1184 1009 1322 1059 transcen-

365 1076 440 1132 dant.
476 1075 629 1146 Empticius
652 1093 718 1130 vero
746 1081 781 1128 et
808 1075 928 1144 captivas
955 1075 1130 1130 mulieres
1160 1080 1323 1145 quotquot

365 1147 462 1200 volunt
479 1148 581 1201 habere
600 1147 705 1200 licitum
718 1151 767 1214 eat,
786 1152 814 1201 et
832 1163 877 1200 eas
889 1149 1007 1201 vendere
1024 1151 1145 1216 possunt,
1164 1147 1216 1200 nisi
1228 1164 1322 1200 aarum

365 1218 485 1286 aliquam
510 1219 725 1288 inpregnassent.
769 1217 934 1271 Conceditur
959 1217 998 1271 eis
1022 1217 1057 1271 de
1084 1218 1195 1287 propria
1222 1235 1323 1287 cogna-

366 1289 444 1342 cions
462 1289 563 1344 habere
580 1306 687 1356 uxores,
706 1293 737 1342 ut
755 1289 900 1358 sanguinis
911 1289 1002 1357 proles
1020 1295 1157 1342 accrescat
1175 1293 1204 1343 et
1221 1288 1323 1344 sorcius

365 1359 500 1414 intereos
518 1360 657 1414 vinculum
677 1360 799 1414 amicicie
817 1359 1032 1429 constringatur;
1051 1359 1125 1414 circa
1141 1361 1323 1429 possessiones

364 1431 527 1500 repetendas
545 1432 698 1496 observant,
724 1435 756 1484 ut
774 1435 949 1485 accusator
967 1431 1080 1485 testibus
1097 1433 1197 1499 probat
1216 1436 1243 1485 et
1260 1448 1323 1484 reus

364 1501 518 1556 iuramento
536 1519 565 1556 se
583 1503 733 1570 conprobat
750 1502 931 1556 innocentem.
960 1501 1029 1555 (lum
1048 1501 1171 1557 adultera
1190 1518 1323 1570 conpre-

365 1572 464 1626 hensus
482 1589 545 1626 cum
563 1589 596 1626 ea
614 1573 717 1640 pariter
733 1573 879 1641 lapidatur.
916 1571 985 1626 (lum
1004 1573 1058 1627 alia
1075 1572 1233 1642 fornicatus,
1252 1573 1322 1626 eci-

365 1644 456 1697 licet
474 1643 679 1698 concubina
698 1644 870 1710 alterius,
889 1641 997 1697 LXXX
1010 1644 1169 1698 verberibus
1184 1645 1321 1714 plectitur.

365 1713 417 1768 Ru
424 1732 439 1767 r
446 1733 458 1769 s
465 1733 483 1768 u
490 1723 524 1768 st
534 1715 623 1783 prima
636 1719 664 1768 et
675 1713 863 1768 secundarios
873 1715 1031 1769 verberibus
1042 1715 1185 1784 plectitur3
1198 1719 1232 1770 3·
1242 1733 1259 1768 v
1267 1716 1277 1767 i
1284 1732 1322 1768 ce

366 1786 655 1855 conprehensus,
673 1802 770 1839 manus
788 1785 858 1840 sius
877 1785 1055 1855 presciditur;
1081 1791 1130 1842 42⁸
1148 1787 1227 1840 rice
1245 1785 1323 1855 pedis

364 1856 541 1911 truncacione
567 1856 688 1926 punitur.
733 1858 761 1910 A
790 1856 853 1911 vino
883 1873 992 1925 semper
1020 1857 1157 1912 abstinere
1186 1857 1322 1912 iubentur.

366 1927 544 1983 servantibus
570 1928 622 1982 hec
651 1932 680 1982 at
704 1927 758 1982 alia
782 1929 815 1982 le
822 1928 877 1997 gis
902 1928 1032 1982 mandata
1049 1929 1175 1998 promisit
1192 1928 1273 1996 Deus,
1292 1931 1324 1980 ut

365 2003 496 2066 asserunt,
518 1999 691 2068 paradysum,
717 1999 805 2053 idest
830 2003 921 2053 ortum
939 1999 1099 2054 deliciarum
1125 1999 1201 2067 aquis
1218 2004 1323 2069 preter-

366 2069 514 2124 fluentibus
539 2071 692 2141 irrigatum,
716 2070 745 2124 in
771 2087 825 2138 quo
844 2071 921 2124 sedes
939 2071 1082 2125 habebunt
1099 2075 1253 2139 perpetuas,
1272 2088 1323 2124 nac

366 2141 466 2211 frigore
486 2146 533 2195 aut
552 2149 610 2195 estu
629 2141 720 2210 aliquo
739 2141 903 2211 affligentur.
940 2141 1074 2198 Omnibus
1099 2141 1223 2195 ciborum
1240 2158 1323 2211 gene·

365 2213 440 2266 ribus
465 2218 616 2268 vescentur.
653 2212 789 2282 Quicquid
813 2212 996 2281 oppecierint
1022 2217 1137 2267 totum
1165 2229 1257 2266 coram
1288 2229 1323 2266 se

367 2285 459 2337 statim
484 2284 632 2340 inveniant.
669 2283 769 2338 Sericis
793 2285 960 2338 vmfimeutis
987 2284 1134 2338 omnibus
1160 2281 1320 2338 coloribush

365 2360 394 2408 et
411 2354 564 2424 virginibus
589 2353 791 2424 speciosissimis
816 2355 1024 2424 coniungentur‚
1050 2353 1094 2407 in¹
1116 2354 1219 2408 deliciis
1245 2371 1322 2408 accu—

365 2425 478 2492 babunt,
501 2426 600 2494 quibus
625 2425 716 2494 angeli
739 2425 931 2494 pincernarum
956 2442 1032 2479 mora
1059 2442 1121 2478 oum
1140 2426 1210 2479 rasis
1235 2426 1323 2479 aureis

366 2501 393 2550 et
419 2497 556 2567 argenteis
580 2495 826 2551 ministrando
852 2496 1076 2551 deambulabunt.
1112 2495 1146 2549 In
1165 2495 1254 2550 aureis
1271 2496 1323 2563 lac,

365 2566 410 2620 in¹
427 2567 563 2650 argenteis
574 2567 669 2620 vinum
682 2566 833 2635 afferentes,
852 2566 987 2622 dicentes:
1005 2565 1186 2621 ‘Commodits
1198 2571 1226 2620 et
1237 2566 1323 2620 bibite

365 2639 394 2691 in
421 2637 543 2692 letacial’
579 2635 643 2691 Non
671 2637 844 2691 credentibus
870 2637 928 2691 Deo
957 2641 991 2691 et
1014 2636 1177 2706 Magumeth
1205 2637 1265 2704 erit,
1293 2643 1323 2690 ut

367 2713 498 2777 asserunt,
525 2707 666 2762 infernalis
683 2725 755 2777 pena
777 2709 835 2762 sine
857 2707 919 2763 fine.
956 2707 1180 2777 Quibuscumque
1203 2708 1324 2778 peccatis

366 2779 481 2848 quilibet
499 2780 634 2862 obligatus
651 2779 743 2846 fuerit,
765 2779 788 2832 si
805 2780 834 2832 in
852 2779 897 2832 die
915 2779 1011 2833 mortis
1028 2795 1090 2832 sue
1107 2779 1166 2833 Deo
1185 2785 1213 2834 et
1225 2777 1324 2850 Magu-

365 2855 440 2904 meto
468 2850 592 2918 credidit,
619 2850 646 2903 in
675 2850 720 2905 die
746 2849 840 2904 iudicii
867 2849 1031 2920 Magumath
1058 2850 1266 2918 interveniente,
1293 2855 1324 2904 nt

366 2925 497 2990 asserunt,
516 2921 606 2975 salvus
625 2921 685 2976 erit.

775 3003 896 3062 Finis.

473 3127 573 3186 Item
619 3128 771 3204 incipit
816 3129 1051 3204 disputacio
1093 3126 1322 3186 Christiani

366 3216 548 3291 theologi
572 3234 657 3274 cum
680 3217 818 3275 Komel
841 3217 1021 3276 soldano.

454 3292 533 3348 Sicut
556 3293 585 3346 in
604 3293 742 3348 Alcorano
761 3294 830 3348 libro
848 3295 875 3348 le
898 3294 918 3348 'a
935 3293 1220 3349 Sarracenorum
1238 3292 1453 3361 scrip-otnant.

365 3368 425 3417 tum
455 3363 605 3432 habent,
633 3364 830 3419 Sarraceni
855 3364 877 3419 0
913 3365 993 3418 'stum
1018 3364 1110 3419 Iesum
1141 3363 1322 3417 dominum

365 3439 529 3490 nostrum
555 3434 671 3490 credunt
695 3435 730 3490 de
748 3436 838 3490 Maria
862 3436 969 3507 virgine
987 3439 1150 3505 conceptum
1172 3439 1201 3488 et
1218 3438 1322 3500 natum,

365 3523 447 3575 quem
465 3506 522 3560 sine
540 3512 653 3576 peccato
672 3507 777 3576 vixisse,
795 3508 958 3577 prophetam
978 3510 1006 3560 et
1023 3507 1084 3576 plus
1103 3523 1186 3575 quam
1203 3504 1322 3575 prophe·

365 3583 422 3630 tam
440 3582 633 3648 protestantur,
653 3595 730 3633 cecos
748 3578 922 3647 illuminasse,
940 3579 1061 3648 leprosos
1078 3576 1231 3646 mundasse,
1249 3593 1323 3630 mor·

365 3652 426 3702 tuos
456 3649 640 3703 resuscitasse
667 3647 783 3704 firmiter
810 3655 933 3704 manant
962 3666 1013 3719 par
1042 3649 1159 3702 verbum
1190 3653 1218 3702 et
1245 3646 1323 3717 spiri-

365 3726 424 3772 tum
443 3719 495 3774 Dei
514 3724 542 3774 et
559 3721 653 3774 vivum
672 3720 706 3773 ad
725 3721 798 3775 celos
817 3721 976 3776 ascendisse.
1013 3719 1104 3786 Unde,
1144 3719 1235 3773 uandc
1254 3722 1323 3773 tem-

364 3807 432 3859 pore
463 3795 623 3861 treugarum
656 3791 791 3861 sapientes
821 3791 1103 3846 sarracenorum
1126 3738 1322 3844 (ierosolimam

365 3862 555 3931 accendebant,
574 3861 681 3916 codices
700 3863 912 3933 ewangeliorum
931 3863 983 3917 sibi
1000 3861 1176 3932 postulabant
1194 3860 1324 3929 exhyberi

168 4040 682 4094 scs)ecconst..41;1stepapsacc.cr.
747 4040 770 4092 b)
791 4039 1073 4084 uaeas-‚acaci
1137 4037 1324 4144 rsslnrescr.

205 4090 229 4142 d)
242 4104 284 4135 cm.
298 4093 345 4137 01.
360 4092 418 4142 ινδ,
430 4098 482 4144 post
496 4105 542 4137 ecc.
556 4093 603 4136 Di.
657 4096 679 4142 a>
692 4106 714 4145 p.
728 4105 776 4138 sec.
788 4094 813 4138 Β.
827 4095 863 4142 1>,·
876 4106 934 4145 sym.
948 4104 994 4137 soc.
1008 4105 1030 4143 p.
1045 4093 1088 4136 08.
1174 4091 1262 4132 mslmul
1277 4091 1325 4136 Iac,

204 4147 228 4196 g)
242 4146 289 4186 Fas·
303 4147 350 4188 luc.
404 4147 427 4196 h)
441 4145 565 4188 induentur
578 4148 629 4190 cdd.
644 4147 692 4192 luc.
745 4147 762 4198 l)
776 4147 802 4187 ln
815 4148 859 4192 02.

206 4289 233 4353 1)
252 4287 325 4341 Haec
342 4305 376 4342 ea
393 4290 471 4343 Decr.
492 4289 570 4355 Grec.
588 4288 642 4344 IX.
665 4289 682 4343 l.
697 4290 727 4355 V,
754 4291 792 4344 at.
812 4293 838 4356 3,
864 4305 884 4344 c.
898 4292 923 4344 3.
936 4290 961 4343 b
975 4291 1002 4353 7,
1026 4287 1074 4340 aba·
1091 4287 1207 4341 Dcodctc
1226 4287 1325 4354 (Adco-

203 4358 279 4421 dcto)
297 4359 360 4413 buce
377 4361 467 4428 capita
485 4360 623 4428 adscrspic
640 4365 711 4415 mast.
