<?xml version="1.0" encoding="UTF-8"?>
<!DOCTYPE html PUBLIC "-//W3C//DTD XHTML 1.0 Transitional//EN"
    "http://www.w3.org/TR/xhtml1/DTD/xhtml1-transitional.dtd">
<html xmlns="http://www.w3.org/1999/xhtml" xml:lang="en" lang="en">
 <head>
  <title>
</title>
<meta http-equiv="Content-Type" content="text/html;charset=utf-8" />
  <meta name='ocr-system' content='tesseract 3.04.00' />
  <meta name='ocr-capabilities' content='ocr_page ocr_carea ocr_par ocr_line ocrx_word'/>
</head>
<body>
  <div class='ocr_page' id='page_1' title='image "./monumentaerphes01monagoog_0269.png"; bbox 0 0 3222 4850; ppageno 0'>
   <div class='ocr_carea' id='block_1_1' title="bbox 274 413 1303 473">
    <p class='ocr_par' dir='ltr' id='par_1_1' title="bbox 274 413 1303 473">
     <span class='ocr_line' id='line_1_1' title="bbox 274 413 1303 473; baseline 0.001 -3"><span class='ocrx_word' id='word_1_1' title='bbox 274 413 442 470; x_wconf 82' lang='lat' dir='ltr'>ORONIGA</span> <span class='ocrx_word' id='word_1_2' title='bbox 455 414 483 471; x_wconf 84' lang='lat' dir='ltr'>S.</span> <span class='ocrx_word' id='word_1_3' title='bbox 492 413 608 470; x_wconf 77' lang='lat' dir='ltr'>PETRI</span> <span class='ocrx_word' id='word_1_4' title='bbox 620 413 882 470; x_wconf 76' lang='lat' dir='ltr'>RRFORDENSIS</span> <span class='ocrx_word' id='word_1_5' title='bbox 893 414 985 473; x_wconf 87' lang='lat' dir='ltr'><strong>MOD.</strong></span> <span class='ocrx_word' id='word_1_6' title='bbox 1003 416 1039 473; x_wconf 79' lang='lat' dir='ltr'>A.</span> <span class='ocrx_word' id='word_1_7' title='bbox 1050 419 1127 473; x_wconf 78' lang='lat'>1266.</span> <span class='ocrx_word' id='word_1_8' title='bbox 1139 419 1215 473; x_wconf 78' lang='lat'><strong>1267.</strong></span> <span class='ocrx_word' id='word_1_9' title='bbox 1252 419 1303 473; x_wconf 74' lang='lat'>257</span> 
     </span>
    </p>
   </div>
   <div class='ocr_carea' id='block_1_2' title="bbox 182 597 1390 863">
    <p class='ocr_par' dir='ltr' id='par_1_2' title="bbox 182 597 1390 863">
     <span class='ocr_line' id='line_1_2' title="bbox 184 597 1390 683; baseline -0.001 -20"><span class='ocrx_word' id='word_1_10' title='bbox 184 597 289 663; x_wconf 86' lang='lat' dir='ltr'>armis</span> <span class='ocrx_word' id='word_1_11' title='bbox 319 603 354 678; x_wconf 88' lang='lat' dir='ltr'>et</span> <span class='ocrx_word' id='word_1_12' title='bbox 384 598 581 676; x_wconf 76' lang='lat' dir='ltr'>dextrariis;</span> <span class='ocrx_word' id='word_1_13' title='bbox 613 601 649 663; x_wconf 89' lang='lat' dir='ltr'>et</span> <span class='ocrx_word' id='word_1_14' title='bbox 671 599 847 683; x_wconf 84' lang='lat' dir='ltr'>proiectus</span> <span class='ocrx_word' id='word_1_15' title='bbox 869 600 966 664; x_wconf 83' lang='lat' dir='ltr'>venit</span> <span class='ocrx_word' id='word_1_16' title='bbox 994 601 1031 663; x_wconf 91' lang='lat' dir='ltr'>in</span> <span class='ocrx_word' id='word_1_17' title='bbox 1054 605 1182 666; x_wconf 87' lang='lat' dir='ltr'>terram</span> <span class='ocrx_word' id='word_1_18' title='bbox 1205 601 1302 668; x_wconf 91' lang='lat' dir='ltr'>ducis</span> <span class='ocrx_word' id='word_1_19' title='bbox 1313 605 1390 662; x_wconf 79' lang='lat'><strong>1266.</strong></span> 
     </span>
     <span class='ocr_line' id='line_1_3' title="bbox 183 686 1301 774; baseline 0.002 -22"><span class='ocrx_word' id='word_1_20' title='bbox 183 691 219 752; x_wconf 90' lang='lat' dir='ltr'>et</span> <span class='ocrx_word' id='word_1_21' title='bbox 249 687 370 752; x_wconf 89' lang='lat' dir='ltr'>multis</span> <span class='ocrx_word' id='word_1_22' title='bbox 399 686 656 752; x_wconf 89' lang='lat' dir='ltr'>calamitatibus</span> <span class='ocrx_word' id='word_1_23' title='bbox 686 689 856 772; x_wconf 76' lang='lat' dir='ltr'>oppressit</span> <span class='ocrx_word' id='word_1_24' title='bbox 885 709 970 768; x_wconf 84' lang='lat' dir='ltr'>eam,</span> <span class='ocrx_word' id='word_1_25' title='bbox 1003 693 1038 754; x_wconf 88' lang='lat' dir='ltr'>et</span> <span class='ocrx_word' id='word_1_26' title='bbox 1072 691 1229 774; x_wconf 87' lang='lat' dir='ltr'>pervenit</span> <span class='ocrx_word' id='word_1_27' title='bbox 1257 690 1301 754; x_wconf 89' lang='lat' dir='ltr'>ad</span> 
     </span>
     <span class='ocr_line' id='line_1_4' title="bbox 182 776 1301 863; baseline 0.002 -23"><span class='ocrx_word' id='word_1_28' title='bbox 182 776 352 840; x_wconf 81' lang='lat' dir='ltr'><strong>famosam</strong></span> <span class='ocrx_word' id='word_1_29' title='bbox 382 776 557 841; x_wconf 86' lang='lat' dir='ltr'>civitatem</span> <span class='ocrx_word' id='word_1_30' title='bbox 586 776 820 861; x_wconf 80' lang='lat' dir='ltr'>Ratisponam,</span> <span class='ocrx_word' id='word_1_31' title='bbox 853 780 889 841; x_wconf 90' lang='lat' dir='ltr'>et</span> <span class='ocrx_word' id='word_1_32' title='bbox 917 777 1011 842; x_wconf 87' lang='lat' dir='ltr'>ultra</span> <span class='ocrx_word' id='word_1_33' title='bbox 1041 779 1200 863; x_wconf 79' lang='lat' dir='ltr'><strong>progredi</strong></span> <span class='ocrx_word' id='word_1_34' title='bbox 1232 799 1301 842; x_wconf 90' lang='lat' dir='ltr'>nou</span> 
     </span>
    </p>
   </div>
   <div class='ocr_carea' id='block_1_3' title="bbox 76 865 1408 2173">
    <p class='ocr_par' dir='ltr' id='par_1_3' title="bbox 182 865 804 1001">
     <span class='ocr_line' id='line_1_5' title="bbox 182 865 804 1001; baseline -0.003 -73"><span class='ocrx_word' id='word_1_35' title='bbox 182 865 311 944; x_wconf 88' lang='lat' dir='ltr'>valens,</span> <span class='ocrx_word' id='word_1_36' title='bbox 336 865 381 929; x_wconf 89' lang='lat' dir='ltr'>ad</span> <span class='ocrx_word' id='word_1_37' title='bbox 397 866 541 1001; x_wconf 82' lang='lat' dir='ltr'>lpropria</span> <span class='ocrx_word' id='word_1_38' title='bbox 563 885 718 930; x_wconf 90' lang='lat' dir='ltr'>reversus</span> <span class='ocrx_word' id='word_1_39' title='bbox 742 867 804 930; x_wconf 86' lang='lat' dir='ltr'>est.</span> 
     </span>
    </p>

    <p class='ocr_par' dir='ltr' id='par_1_4' title="bbox 152 935 1408 1288">
     <span class='ocr_line' id='line_1_6' title="bbox 152 935 1408 1028; baseline 0.004 -31"><span class='ocrx_word' id='word_1_40' title='bbox 152 957 166 997; x_wconf 82' lang='lat' dir='ltr'>o</span> <span class='ocrx_word' id='word_1_41' title='bbox 289 949 372 1002; x_wconf 80' lang='lat' dir='ltr'>Anno</span> <span class='ocrx_word' id='word_1_42' title='bbox 423 947 508 1002; x_wconf 81' lang='lat' dir='ltr'>omini</span> <span class='ocrx_word' id='word_1_43' title='bbox 528 946 727 1003; x_wconf 75' lang='lat' dir='ltr'>Mccuxvss.</span> <span class='ocrx_word' id='word_1_44' title='bbox 764 947 851 1002; x_wconf 77' lang='lat' dir='ltr'>(lance</span> <span class='ocrx_word' id='word_1_45' title='bbox 877 947 979 1018; x_wconf 85' lang='lat' dir='ltr'>signati</span> <span class='ocrx_word' id='word_1_46' title='bbox 1005 953 1068 1003; x_wconf 92' lang='lat' dir='ltr'>sunt</span> <span class='ocrx_word' id='word_1_47' title='bbox 1094 950 1123 1004; x_wconf 88' lang='lat' dir='ltr'>in</span> <span class='ocrx_word' id='word_1_48' title='bbox 1150 949 1301 1003; x_wconf 84' lang='lat' dir='ltr'>subsidium</span> <span class='ocrx_word' id='word_1_49' title='bbox 1310 935 1408 1028; x_wconf 52' lang='lat' dir='ltr'>gffi*</span> 
     </span>
     <span class='ocr_line' id='line_1_7' title="bbox 183 1017 1396 1090; baseline 0.002 -18"><span class='ocrx_word' id='word_1_50' title='bbox 183 1017 268 1073; x_wconf 80' lang='lat' dir='ltr'>&#39;l&#39;errc</span> <span class='ocrx_word' id='word_1_51' title='bbox 288 1018 389 1074; x_wconf 84' lang='lat' dir='ltr'>Sancte</span> <span class='ocrx_word' id='word_1_52' title='bbox 406 1018 569 1073; x_wconf 84' lang='lat' dir='ltr'>Lndevvicus</span> <span class='ocrx_word' id='word_1_53' title='bbox 593 1035 643 1073; x_wconf 85' lang='lat' dir='ltr'>rex</span> <span class='ocrx_word' id='word_1_54' title='bbox 661 1017 786 1087; x_wconf 83' lang='lat' dir='ltr'>Francis,</span> <span class='ocrx_word' id='word_1_55' title='bbox 806 1036 856 1074; x_wconf 88' lang='lat' dir='ltr'>rex</span> <span class='ocrx_word' id='word_1_56' title='bbox 874 1019 985 1090; x_wconf 82' lang='lat' dir='ltr'>Anglie,</span> <span class='ocrx_word' id='word_1_57' title='bbox 1003 1037 1053 1074; x_wconf 88' lang='lat' dir='ltr'>rex</span> <span class='ocrx_word' id='word_1_58' title='bbox 1071 1020 1234 1090; x_wconf 83' lang='lat' dir='ltr'>Arragonie,</span> <span class='ocrx_word' id='word_1_59' title='bbox 1252 1039 1302 1074; x_wconf 84' lang='lat' dir='ltr'>rex</span> <span class='ocrx_word' id='word_1_60' title='bbox 1364 1021 1369 1032; x_wconf 94' lang='lat'>&#39;</span> <span class='ocrx_word' id='word_1_61' title='bbox 1391 1020 1396 1032; x_wconf 92' lang='lat'>&#39;</span> 
     </span>
     <span class='ocr_line' id='line_1_8' title="bbox 183 1088 1300 1162; baseline 0.001 -19"><span class='ocrx_word' id='word_1_62' title='bbox 183 1089 318 1156; x_wconf 83' lang='lat' dir='ltr'>Navvauie,</span> <span class='ocrx_word' id='word_1_63' title='bbox 336 1106 386 1143; x_wconf 85' lang='lat' dir='ltr'>rex</span> <span class='ocrx_word' id='word_1_64' title='bbox 403 1089 504 1158; x_wconf 84' lang='lat' dir='ltr'>Sicilie,</span> <span class='ocrx_word' id='word_1_65' title='bbox 530 1107 621 1144; x_wconf 89' lang='lat' dir='ltr'>comes</span> <span class='ocrx_word' id='word_1_66' title='bbox 646 1088 732 1144; x_wconf 86' lang='lat' dir='ltr'>frater</span> <span class='ocrx_word' id='word_1_67' title='bbox 748 1089 821 1160; x_wconf 86' lang='lat' dir='ltr'>regis</span> <span class='ocrx_word' id='word_1_68' title='bbox 839 1089 956 1144; x_wconf 80' lang='lat' dir='ltr'>Francia</span> <span class='ocrx_word' id='word_1_69' title='bbox 975 1094 1002 1145; x_wconf 90' lang='lat' dir='ltr'>et</span> <span class='ocrx_word' id='word_1_70' title='bbox 1019 1089 1070 1144; x_wconf 84' lang='lat' dir='ltr'>filii</span> <span class='ocrx_word' id='word_1_71' title='bbox 1088 1091 1159 1162; x_wconf 89' lang='lat' dir='ltr'>regis</span> <span class='ocrx_word' id='word_1_72' title='bbox 1177 1089 1300 1161; x_wconf 73' lang='lat' dir='ltr'>Francia,</span> 
     </span>
     <span class='ocr_line' id='line_1_9' title="bbox 182 1159 1301 1230; baseline 0.001 -16"><span class='ocrx_word' id='word_1_73' title='bbox 182 1159 402 1229; x_wconf 72' lang='lat' dir='ltr'>archiepiscopus</span> <span class='ocrx_word' id='word_1_74' title='bbox 419 1159 650 1230; x_wconf 87' lang='lat' dir='ltr'>Rothomagensis</span> <span class='ocrx_word' id='word_1_75' title='bbox 674 1161 833 1214; x_wconf 88' lang='lat' dir='ltr'>etmulti</span> <span class='ocrx_word' id='word_1_76' title='bbox 857 1161 903 1214; x_wconf 88' lang='lat' dir='ltr'>alii</span> <span class='ocrx_word' id='word_1_77' title='bbox 921 1163 1034 1216; x_wconf 77' lang='lat' dir='ltr'>comites</span> <span class='ocrx_word' id='word_1_78' title='bbox 1052 1166 1080 1216; x_wconf 91' lang='lat' dir='ltr'>et</span> <span class='ocrx_word' id='word_1_79' title='bbox 1097 1162 1211 1230; x_wconf 90' lang='lat' dir='ltr'>nobiles,</span> <span class='ocrx_word' id='word_1_80' title='bbox 1230 1163 1301 1215; x_wconf 89' lang='lat' dir='ltr'>mili-</span> 
     </span>
     <span class='ocr_line' id='line_1_10' title="bbox 183 1231 1301 1288; baseline 0.001 -4"><span class='ocrx_word' id='word_1_81' title='bbox 183 1237 224 1284; x_wconf 87' lang='lat' dir='ltr'>tes</span> <span class='ocrx_word' id='word_1_82' title='bbox 249 1235 278 1286; x_wconf 90' lang='lat' dir='ltr'>ot</span> <span class='ocrx_word' id='word_1_83' title='bbox 302 1231 374 1286; x_wconf 87' lang='lat' dir='ltr'>cives</span> <span class='ocrx_word' id='word_1_84' title='bbox 399 1247 431 1285; x_wconf 89' lang='lat' dir='ltr'>ac</span> <span class='ocrx_word' id='word_1_85' title='bbox 448 1231 597 1284; x_wconf 88' lang='lat' dir='ltr'>virorum</span> <span class='ocrx_word' id='word_1_86' title='bbox 615 1231 795 1284; x_wconf 75' lang='lat' dir='ltr'><strong>bellatorum</strong></span> <span class='ocrx_word' id='word_1_87' title='bbox 818 1232 906 1286; x_wconf 89' lang='lat' dir='ltr'>multa</span> <span class='ocrx_word' id='word_1_88' title='bbox 924 1233 1008 1288; x_wconf 88' lang='lat' dir='ltr'>milia.</span> <span class='ocrx_word' id='word_1_89' title='bbox 1115 1233 1191 1287; x_wconf 91' lang='lat' dir='ltr'>Hoc</span> <span class='ocrx_word' id='word_1_90' title='bbox 1210 1250 1301 1287; x_wconf 89' lang='lat' dir='ltr'>anuo</span> 
     </span>
    </p>

    <p class='ocr_par' dir='ltr' id='par_1_5' title="bbox 146 1300 1302 1484">
     <span class='ocr_line' id='line_1_11' title="bbox 146 1300 1301 1373; baseline 0.004 -22"><span class='ocrx_word' id='word_1_91' title='bbox 146 1303 239 1357; x_wconf 78' lang='lat' dir='ltr'>iovite</span> <span class='ocrx_word' id='word_1_92' title='bbox 266 1302 429 1356; x_wconf 85' lang='lat' dir='ltr'>venerabilis</span> <span class='ocrx_word' id='word_1_93' title='bbox 454 1300 562 1355; x_wconf 87' lang='lat' dir='ltr'>ducissa</span> <span class='ocrx_word' id='word_1_94' title='bbox 587 1301 654 1355; x_wconf 93' lang='lat' dir='ltr'>olim</span> <span class='ocrx_word' id='word_1_95' title='bbox 679 1301 795 1356; x_wconf 90' lang='lat' dir='ltr'>Polouie</span> <span class='ocrx_word' id='word_1_96' title='bbox 818 1301 982 1373; x_wconf 79' lang='lat' dir='ltr'>Hsdvvigis⁸</span> <span class='ocrx_word' id='word_1_97' title='bbox 1005 1303 1092 1358; x_wconf 82' lang='lat' dir='ltr'>salici</span> <span class='ocrx_word' id='word_1_98' title='bbox 1119 1305 1235 1358; x_wconf 87' lang='lat' dir='ltr'>transitu</span> <span class='ocrx_word' id='word_1_99' title='bbox 1260 1323 1301 1358; x_wconf 89' lang='lat' dir='ltr'>ex</span> 
     </span>
     <span class='ocr_line' id='line_1_12' title="bbox 182 1370 1302 1484; baseline 0.001 -58"><span class='ocrx_word' id='word_1_100' title='bbox 182 1373 247 1426; x_wconf 91' lang='lat' dir='ltr'>hac</span> <span class='ocrx_word' id='word_1_101' title='bbox 274 1374 356 1427; x_wconf 90' lang='lat' dir='ltr'>luce</span> <span class='ocrx_word' id='word_1_102' title='bbox 383 1373 586 1484; x_wconf 73' lang='lat' dir='ltr'>migravit¹,</span> <span class='ocrx_word' id='word_1_103' title='bbox 614 1370 699 1441; x_wconf 86' lang='lat' dir='ltr'>queb</span> <span class='ocrx_word' id='word_1_104' title='bbox 730 1372 856 1443; x_wconf 90' lang='lat' dir='ltr'>plurimis</span> <span class='ocrx_word' id='word_1_105' title='bbox 885 1373 1100 1428; x_wconf 73' lang='lat' dir='ltr'>miraculorumss</span> <span class='ocrx_word' id='word_1_106' title='bbox 1132 1374 1302 1444; x_wconf 76' lang='lat' dir='ltr'>resplenduit</span> 
     </span>
    </p>

    <p class='ocr_par' dir='ltr' id='par_1_6' title="bbox 76 1442 1302 1656">
     <span class='ocr_line' id='line_1_13' title="bbox 76 1442 1301 1515; baseline 0.003 -20"><span class='ocrx_word' id='word_1_107' title='bbox 76 1454 113 1506; x_wconf 74' lang='lat'>⁸1³·</span> <span class='ocrx_word' id='word_1_108' title='bbox 121 1455 172 1497; x_wconf 77' lang='lat' dir='ltr'>scs.</span> <span class='ocrx_word' id='word_1_109' title='bbox 182 1443 329 1514; x_wconf 87' lang='lat' dir='ltr'>prodigiis;</span> <span class='ocrx_word' id='word_1_110' title='bbox 356 1442 427 1496; x_wconf 89' lang='lat' dir='ltr'>hanc</span> <span class='ocrx_word' id='word_1_111' title='bbox 470 1443 609 1497; x_wconf 72' lang='lat' dir='ltr'>‘Clemens</span> <span class='ocrx_word' id='word_1_112' title='bbox 633 1461 705 1512; x_wconf 91' lang='lat' dir='ltr'>papa</span> <span class='ocrx_word' id='word_1_113' title='bbox 732 1443 900 1499; x_wconf 80' lang='lat' dir='ltr'>canonizavit</span> <span class='ocrx_word' id='word_1_114' title='bbox 926 1445 978 1499; x_wconf 93' lang='lat' dir='ltr'>hoc</span> <span class='ocrx_word' id='word_1_115' title='bbox 1006 1463 1077 1500; x_wconf 84' lang='lat' dir='ltr'>anuo</span> <span class='ocrx_word' id='word_1_116' title='bbox 1105 1449 1132 1500; x_wconf 90' lang='lat' dir='ltr'>et</span> <span class='ocrx_word' id='word_1_117' title='bbox 1157 1446 1301 1515; x_wconf 82' lang='lat' dir='ltr'>cathalogo</span> 
     </span>
     <span class='ocr_line' id='line_1_14' title="bbox 181 1512 1301 1587; baseline 0.002 -19"><span class='ocrx_word' id='word_1_118' title='bbox 181 1519 339 1569; x_wconf 86' lang='lat' dir='ltr'>sanctorum</span> <span class='ocrx_word' id='word_1_119' title='bbox 357 1513 500 1582; x_wconf 83' lang='lat' dir='ltr'>asscripsit.</span> <span class='ocrx_word' id='word_1_120' title='bbox 537 1512 619 1568; x_wconf 82' lang='lat' dir='ltr'>Cuius</span> <span class='ocrx_word' id='word_1_121' title='bbox 637 1513 783 1568; x_wconf 78' lang='lat' dir='ltr'>translacio</span> <span class='ocrx_word' id='word_1_122' title='bbox 800 1532 851 1583; x_wconf 90' lang='lat' dir='ltr'>per</span> <span class='ocrx_word' id='word_1_123' title='bbox 869 1515 1035 1570; x_wconf 81' lang='lat' dir='ltr'>cardinalem</span> <span class='ocrx_word' id='word_1_124' title='bbox 1053 1515 1209 1585; x_wconf 79' lang='lat' dir='ltr'>widonem,</span> <span class='ocrx_word' id='word_1_125' title='bbox 1228 1517 1301 1587; x_wconf 87' lang='lat' dir='ltr'>laga·</span> 
     </span>
     <span class='ocr_line' id='line_1_15' title="bbox 183 1585 1302 1656; baseline 0 -16"><span class='ocrx_word' id='word_1_126' title='bbox 183 1591 262 1640; x_wconf 77' lang='lat' dir='ltr'>turne</span> <span class='ocrx_word' id='word_1_127' title='bbox 289 1585 361 1640; x_wconf 87' lang='lat' dir='ltr'>sedis</span> <span class='ocrx_word' id='word_1_128' title='bbox 386 1585 542 1654; x_wconf 86' lang='lat' dir='ltr'>apostolice,</span> <span class='ocrx_word' id='word_1_129' title='bbox 568 1602 630 1639; x_wconf 91' lang='lat' dir='ltr'>cum</span> <span class='ocrx_word' id='word_1_130' title='bbox 654 1602 775 1656; x_wconf 89' lang='lat' dir='ltr'>magna</span> <span class='ocrx_word' id='word_1_131' title='bbox 798 1585 994 1642; x_wconf 76' lang='lat' dir='ltr'>multitudines</span> <span class='ocrx_word' id='word_1_132' title='bbox 1014 1587 1137 1641; x_wconf 88' lang='lat' dir='ltr'>fidelium</span> <span class='ocrx_word' id='word_1_133' title='bbox 1162 1589 1302 1656; x_wconf 88' lang='lat' dir='ltr'>utriusque</span> 
     </span>
    </p>

    <p class='ocr_par' dir='ltr' id='par_1_7' title="bbox 145 1655 1402 2010">
     <span class='ocr_line' id='line_1_16' title="bbox 145 1655 1402 1727; baseline 0.002 -17"><span class='ocrx_word' id='word_1_134' title='bbox 145 1665 172 1705; x_wconf 77' lang='lat'>1⁶</span> <span class='ocrx_word' id='word_1_135' title='bbox 181 1675 261 1712; x_wconf 85' lang='lat' dir='ltr'>sexus</span> <span class='ocrx_word' id='word_1_136' title='bbox 279 1661 337 1710; x_wconf 86' lang='lat' dir='ltr'>tam</span> <span class='ocrx_word' id='word_1_137' title='bbox 355 1656 545 1726; x_wconf 86' lang='lat' dir='ltr'>religiosorum</span> <span class='ocrx_word' id='word_1_138' title='bbox 564 1673 646 1725; x_wconf 91' lang='lat' dir='ltr'>quam</span> <span class='ocrx_word' id='word_1_139' title='bbox 671 1655 778 1710; x_wconf 73' lang='lat' dir='ltr'>eciams</span> <span class='ocrx_word' id='word_1_140' title='bbox 798 1657 961 1710; x_wconf 88' lang='lat' dir='ltr'>secularium</span> <span class='ocrx_word' id='word_1_141' title='bbox 984 1659 1014 1712; x_wconf 89' lang='lat' dir='ltr'>in</span> <span class='ocrx_word' id='word_1_142' title='bbox 1033 1661 1062 1712; x_wconf 73' lang='lat' dir='ltr'>&#39;e</span> <span class='ocrx_word' id='word_1_143' title='bbox 1082 1659 1204 1727; x_wconf 91' lang='lat' dir='ltr'>iscopatu</span> <span class='ocrx_word' id='word_1_144' title='bbox 1222 1657 1402 1721; x_wconf 57' lang='lat' dir='ltr'>wia-*mvsa</span> 
     </span>
     <span class='ocr_line' id='line_1_17' title="bbox 181 1725 1301 1796; baseline 0.001 -14"><span class='ocrx_word' id='word_1_145' title='bbox 181 1727 364 1782; x_wconf 83' lang='lat' dir='ltr'>deslavieusih</span> <span class='ocrx_word' id='word_1_146' title='bbox 388 1728 580 1782; x_wconf 87' lang='lat' dir='ltr'>celebrata</span> <span class='ocrx_word' id='word_1_147' title='bbox 598 1731 639 1780; x_wconf 91' lang='lat' dir='ltr'>est</span> <span class='ocrx_word' id='word_1_148' title='bbox 650 1725 717 1783; x_wconf 81' lang='lat' dir='ltr'><strong>VII.</strong></span> <span class='ocrx_word' id='word_1_149' title='bbox 729 1727 794 1783; x_wconf 89' lang='lat' dir='ltr'>Kal.</span> <span class='ocrx_word' id='word_1_150' title='bbox 807 1726 1009 1796; x_wconf 73' lang='lat' dir='ltr'>septembrist.</span> <span class='ocrx_word' id='word_1_151' title='bbox 1070 1747 1101 1784; x_wconf 89' lang='lat' dir='ltr'>cc</span> <span class='ocrx_word' id='word_1_152' title='bbox 1119 1733 1213 1783; x_wconf 88' lang='lat' dir='ltr'>sancta</span> <span class='ocrx_word' id='word_1_153' title='bbox 1224 1729 1301 1784; x_wconf 86' lang='lat' dir='ltr'>Hed-</span> 
     </span>
     <span class='ocr_line' id='line_1_18' title="bbox 181 1797 1302 1870; baseline 0.002 -18"><span class='ocrx_word' id='word_1_154' title='bbox 181 1799 259 1870; x_wconf 79' lang='lat' dir='ltr'>wigis</span> <span class='ocrx_word' id='word_1_155' title='bbox 277 1799 331 1852; x_wconf 87' lang='lat' dir='ltr'>fuit</span> <span class='ocrx_word' id='word_1_156' title='bbox 348 1803 497 1853; x_wconf 81' lang='lat' dir='ltr'>matertera</span> <span class='ocrx_word' id='word_1_157' title='bbox 515 1803 607 1852; x_wconf 86' lang='lat' dir='ltr'>sancte</span> <span class='ocrx_word' id='word_1_158' title='bbox 625 1797 767 1852; x_wconf 73' lang='lat' dir='ltr'>Elisabeth</span> <span class='ocrx_word' id='word_1_159' title='bbox 785 1797 820 1852; x_wconf 91' lang='lat' dir='ltr'>de</span> <span class='ocrx_word' id='word_1_160' title='bbox 838 1797 1026 1854; x_wconf 65' lang='lat' dir='ltr'>Marcburchk</span> <span class='ocrx_word' id='word_1_161' title='bbox 1047 1817 1079 1854; x_wconf 89' lang='lat' dir='ltr'>ac</span> <span class='ocrx_word' id='word_1_162' title='bbox 1097 1799 1165 1855; x_wconf 88' lang='lat' dir='ltr'>Bela</span> <span class='ocrx_word' id='word_1_163' title='bbox 1191 1801 1302 1855; x_wconf 87' lang='lat' dir='ltr'>illustris</span> 
     </span>
     <span class='ocr_line' id='line_1_19' title="bbox 180 1867 1302 1942; baseline 0.002 -18"><span class='ocrx_word' id='word_1_164' title='bbox 180 1871 254 1942; x_wconf 88' lang='lat' dir='ltr'>regis</span> <span class='ocrx_word' id='word_1_165' title='bbox 272 1869 395 1938; x_wconf 86' lang='lat' dir='ltr'>Ungarie</span> <span class='ocrx_word' id='word_1_166' title='bbox 414 1869 520 1938; x_wconf 87' lang='lat' dir='ltr'>fuitque</span> <span class='ocrx_word' id='word_1_167' title='bbox 532 1873 621 1923; x_wconf 88' lang='lat' dir='ltr'>mater</span> <span class='ocrx_word' id='word_1_168' title='bbox 633 1868 730 1922; x_wconf 81' lang='lat' dir='ltr'>famosi</span> <span class='ocrx_word' id='word_1_169' title='bbox 742 1867 868 1924; x_wconf 89' lang='lat' dir='ltr'>Heinrici</span> <span class='ocrx_word' id='word_1_170' title='bbox 885 1870 962 1924; x_wconf 89' lang='lat' dir='ltr'>ducis</span> <span class='ocrx_word' id='word_1_171' title='bbox 973 1870 1096 1938; x_wconf 87' lang='lat' dir='ltr'>Polcnie,</span> <span class='ocrx_word' id='word_1_172' title='bbox 1115 1888 1196 1941; x_wconf 91' lang='lat' dir='ltr'>quem</span> <span class='ocrx_word' id='word_1_173' title='bbox 1215 1876 1302 1926; x_wconf 85' lang='lat' dir='ltr'>streu-</span> 
     </span>
     <span class='ocr_line' id='line_1_20' title="bbox 181 1940 1301 2010; baseline 0.003 -16"><span class='ocrx_word' id='word_1_174' title='bbox 181 1958 236 1995; x_wconf 91' lang='lat' dir='ltr'>nue</span> <span class='ocrx_word' id='word_1_175' title='bbox 254 1944 423 2010; x_wconf 78' lang='lat' dir='ltr'>pugnantem</span> <span class='ocrx_word' id='word_1_176' title='bbox 447 1957 498 2008; x_wconf 91' lang='lat' dir='ltr'>pro</span> <span class='ocrx_word' id='word_1_177' title='bbox 523 1941 613 2008; x_wconf 86' lang='lat' dir='ltr'>patria</span> <span class='ocrx_word' id='word_1_178' title='bbox 638 1943 720 2008; x_wconf 87' lang='lat' dir='ltr'>atque</span> <span class='ocrx_word' id='word_1_179' title='bbox 737 1957 788 2010; x_wconf 93' lang='lat' dir='ltr'>pro</span> <span class='ocrx_word' id='word_1_180' title='bbox 805 1940 926 2010; x_wconf 91' lang='lat' dir='ltr'>populol</span> <span class='ocrx_word' id='word_1_181' title='bbox 952 1940 1106 1997; x_wconf 69' lang='lat' dir='ltr'>cuiusdam</span> <span class='ocrx_word' id='word_1_182' title='bbox 1125 1943 1153 1996; x_wconf 95' lang='lat' dir='ltr'>in</span> <span class='ocrx_word' id='word_1_183' title='bbox 1172 1943 1301 1997; x_wconf 89' lang='lat' dir='ltr'>conflictu</span> 
     </span>
    </p>

    <p class='ocr_par' dir='ltr' id='par_1_8' title="bbox 144 2009 1389 2173">
     <span class='ocr_line' id='line_1_21' title="bbox 144 2009 1301 2080; baseline 0 -11"><span class='ocrx_word' id='word_1_184' title='bbox 144 2011 290 2070; x_wconf 78' lang='lat' dir='ltr'>sol&#39;artari</span> <span class='ocrx_word' id='word_1_185' title='bbox 308 2012 474 2066; x_wconf 87' lang='lat' dir='ltr'>occiderunt.</span> <span class='ocrx_word' id='word_1_186' title='bbox 502 2011 564 2065; x_wconf 91' lang='lat' dir='ltr'>Hec</span> <span class='ocrx_word' id='word_1_187' title='bbox 580 2015 675 2066; x_wconf 88' lang='lat' dir='ltr'>sancta</span> <span class='ocrx_word' id='word_1_188' title='bbox 685 2009 828 2080; x_wconf 87' lang='lat' dir='ltr'>Hedvvigis</span> <span class='ocrx_word' id='word_1_189' title='bbox 846 2011 967 2066; x_wconf 77' lang='lat' dir='ltr'>fueratm</span> <span class='ocrx_word' id='word_1_190' title='bbox 978 2012 1036 2066; x_wconf 89' lang='lat' dir='ltr'>filia</span> <span class='ocrx_word' id='word_1_191' title='bbox 1054 2013 1130 2067; x_wconf 90' lang='lat' dir='ltr'>ducis</span> <span class='ocrx_word' id='word_1_192' title='bbox 1148 2014 1183 2068; x_wconf 88' lang='lat' dir='ltr'>de</span> <span class='ocrx_word' id='word_1_193' title='bbox 1195 2013 1301 2070; x_wconf 80' lang='lat' dir='ltr'>Meron.</span> 
     </span>
     <span class='ocr_line' id='line_1_22' title="bbox 182 2088 1389 2173; baseline 0.001 -21"><span class='ocrx_word' id='word_1_194' title='bbox 182 2090 264 2173; x_wconf 92' lang='lat' dir='ltr'>Ipso</span> <span class='ocrx_word' id='word_1_195' title='bbox 294 2109 384 2154; x_wconf 91' lang='lat' dir='ltr'>anno</span> <span class='ocrx_word' id='word_1_196' title='bbox 411 2088 481 2152; x_wconf 81' lang='lat' dir='ltr'>fuit</span> <span class='ocrx_word' id='word_1_197' title='bbox 511 2089 629 2172; x_wconf 86' lang='lat' dir='ltr'>hyems</span> <span class='ocrx_word' id='word_1_198' title='bbox 659 2089 746 2152; x_wconf 89' lang='lat' dir='ltr'>dura</span> <span class='ocrx_word' id='word_1_199' title='bbox 775 2092 812 2152; x_wconf 90' lang='lat' dir='ltr'>et</span> <span class='ocrx_word' id='word_1_200' title='bbox 840 2090 931 2153; x_wconf 86' lang='lat' dir='ltr'>sicca</span> <span class='ocrx_word' id='word_1_201' title='bbox 957 2092 993 2154; x_wconf 89' lang='lat' dir='ltr'>et</span> <span class='ocrx_word' id='word_1_202' title='bbox 1023 2093 1113 2155; x_wconf 87' lang='lat' dir='ltr'>estas</span> <span class='ocrx_word' id='word_1_203' title='bbox 1143 2091 1302 2156; x_wconf 89' lang='lat' dir='ltr'>similiter</span> <span class='ocrx_word' id='word_1_204' title='bbox 1312 2100 1389 2154; x_wconf 78' lang='lat'><strong>1267.</strong></span> 
     </span>
    </p>
   </div>
   <div class='ocr_carea' id='block_1_4' title="bbox 180 2176 1302 2330">
    <p class='ocr_par' dir='ltr' id='par_1_9' title="bbox 180 2176 1302 2330">
     <span class='ocr_line' id='line_1_23' title="bbox 181 2176 1302 2262; baseline 0.002 -20"><span class='ocrx_word' id='word_1_205' title='bbox 181 2178 285 2242; x_wconf 83' lang='lat' dir='ltr'>nimis</span> <span class='ocrx_word' id='word_1_206' title='bbox 304 2176 417 2241; x_wconf 77' lang='lat' dir='ltr'>calida</span> <span class='ocrx_word' id='word_1_207' title='bbox 439 2180 475 2242; x_wconf 81' lang='lat' dir='ltr'>et</span> <span class='ocrx_word' id='word_1_208' title='bbox 497 2177 597 2241; x_wconf 78' lang='lat' dir='ltr'>sicca.</span> <span class='ocrx_word' id='word_1_209' title='bbox 686 2187 820 2242; x_wconf 79' lang='lat' dir='ltr'>Eodem</span> <span class='ocrx_word' id='word_1_210' title='bbox 839 2206 929 2243; x_wconf 91' lang='lat' dir='ltr'>auno</span> <span class='ocrx_word' id='word_1_211' title='bbox 948 2189 1021 2259; x_wconf 91' lang='lat' dir='ltr'>apud</span> <span class='ocrx_word' id='word_1_212' title='bbox 1039 2190 1183 2245; x_wconf 81' lang='lat' dir='ltr'>Coloniam</span> <span class='ocrx_word' id='word_1_213' title='bbox 1200 2191 1302 2262; x_wconf 79' lang='lat' dir='ltr'>Agrip·</span> 
     </span>
     <span class='ocr_line' id='line_1_24' title="bbox 180 2259 1301 2330; baseline 0.001 -16"><span class='ocrx_word' id='word_1_214' title='bbox 180 2261 276 2330; x_wconf 87' lang='lat' dir='ltr'>pinam</span> <span class='ocrx_word' id='word_1_215' title='bbox 294 2261 323 2313; x_wconf 94' lang='lat' dir='ltr'>in</span> <span class='ocrx_word' id='word_1_216' title='bbox 341 2260 458 2314; x_wconf 89' lang='lat' dir='ltr'>crastino</span> <span class='ocrx_word' id='word_1_217' title='bbox 477 2263 604 2314; x_wconf 89' lang='lat' dir='ltr'>sancte</span> <span class='ocrx_word' id='word_1_218' title='bbox 621 2259 752 2313; x_wconf 84' lang='lat' dir='ltr'>Lucion</span> <span class='ocrx_word' id='word_1_219' title='bbox 769 2259 798 2312; x_wconf 90' lang='lat' dir='ltr'>in</span> <span class='ocrx_word' id='word_1_220' title='bbox 815 2260 902 2328; x_wconf 88' lang='lat' dir='ltr'>prelio</span> <span class='ocrx_word' id='word_1_221' title='bbox 922 2261 1024 2329; x_wconf 84' lang='lat' dir='ltr'>captivi</span> <span class='ocrx_word' id='word_1_222' title='bbox 1042 2261 1117 2316; x_wconf 89' lang='lat' dir='ltr'>ducti</span> <span class='ocrx_word' id='word_1_223' title='bbox 1134 2265 1198 2316; x_wconf 89' lang='lat' dir='ltr'>snut</span> <span class='ocrx_word' id='word_1_224' title='bbox 1215 2263 1301 2317; x_wconf 89' lang='lat' dir='ltr'>archi·</span> 
     </span>
    </p>
   </div>
   <div class='ocr_carea' id='block_1_5' title="bbox 142 2335 1300 3414">
    <p class='ocr_par' dir='ltr' id='par_1_10' title="bbox 142 2335 1300 3414">
     <span class='ocr_line' id='line_1_25' title="bbox 181 2335 1300 2420; baseline 0 -16"><span class='ocrx_word' id='word_1_225' title='bbox 181 2350 325 2419; x_wconf 89' lang='lat' dir='ltr'>episccpus</span> <span class='ocrx_word' id='word_1_226' title='bbox 348 2347 516 2402; x_wconf 84' lang='lat' dir='ltr'>Coloniensis</span> <span class='ocrx_word' id='word_1_227' title='bbox 539 2335 780 2420; x_wconf 75' lang='lat' dir='ltr'>EngelbertUS,</span> <span class='ocrx_word' id='word_1_228' title='bbox 813 2347 953 2416; x_wconf 87' lang='lat' dir='ltr'>eiscopus</span> <span class='ocrx_word' id='word_1_229' title='bbox 976 2347 1217 2420; x_wconf 87' lang='lat' dir='ltr'>Padcrhurneusis,</span> <span class='ocrx_word' id='word_1_230' title='bbox 1244 2351 1300 2420; x_wconf 91' lang='lat' dir='ltr'>epi·</span> 
     </span>
     <span class='ocr_line' id='line_1_26' title="bbox 144 2365 1295 2490; baseline -0.001 -13"><span class='ocrx_word' id='word_1_231' title='bbox 144 2437 172 2477; x_wconf 84' lang='lat' dir='ltr'>as</span> <span class='ocrx_word' id='word_1_232' title='bbox 181 2437 278 2489; x_wconf 87' lang='lat' dir='ltr'>scopus</span> <span class='ocrx_word' id='word_1_233' title='bbox 296 2419 518 2490; x_wconf 82' lang='lat' dir='ltr'>Osuaburgensis,</span> <span class='ocrx_word' id='word_1_234' title='bbox 543 2419 632 2472; x_wconf 89' lang='lat' dir='ltr'>maior</span> <span class='ocrx_word' id='word_1_235' title='bbox 656 2419 810 2488; x_wconf 90' lang='lat' dir='ltr'>prepositus</span> <span class='ocrx_word' id='word_1_236' title='bbox 827 2365 991 2489; x_wconf 73' lang='lat' dir='ltr'>llaguntim</span> <span class='ocrx_word' id='word_1_237' title='bbox 1016 2421 1137 2490; x_wconf 87' lang='lat' dir='ltr'>ecclesie,</span> <span class='ocrx_word' id='word_1_238' title='bbox 1163 2421 1295 2476; x_wconf 88' lang='lat' dir='ltr'>comites⁰</span> 
     </span>
     <span class='ocr_line' id='line_1_27' title="bbox 180 2489 1298 2561; baseline 0.001 -16"><span class='ocrx_word' id='word_1_239' title='bbox 180 2493 274 2561; x_wconf 85' lang='lat' dir='ltr'>plures</span> <span class='ocrx_word' id='word_1_240' title='bbox 292 2495 320 2546; x_wconf 90' lang='lat' dir='ltr'>et</span> <span class='ocrx_word' id='word_1_241' title='bbox 337 2491 384 2544; x_wconf 91' lang='lat' dir='ltr'>alii</span> <span class='ocrx_word' id='word_1_242' title='bbox 401 2491 506 2544; x_wconf 87' lang='lat' dir='ltr'>nobiles</span> <span class='ocrx_word' id='word_1_243' title='bbox 525 2493 607 2558; x_wconf 87' lang='lat' dir='ltr'>atquc</span> <span class='ocrx_word' id='word_1_244' title='bbox 626 2489 671 2542; x_wconf 88' lang='lat' dir='ltr'>alii</span> <span class='ocrx_word' id='word_1_245' title='bbox 689 2490 788 2543; x_wconf 88' lang='lat' dir='ltr'>armati</span> <span class='ocrx_word' id='word_1_246' title='bbox 805 2489 906 2543; x_wconf 91' lang='lat' dir='ltr'>milites</span> <span class='ocrx_word' id='word_1_247' title='bbox 925 2495 960 2543; x_wconf 89' lang='lat' dir='ltr'>et</span> <span class='ocrx_word' id='word_1_248' title='bbox 977 2491 1106 2560; x_wconf 81' lang='lat' dir='ltr'>armigeri</span> <span class='ocrx_word' id='word_1_249' title='bbox 1124 2493 1197 2545; x_wconf 89' lang='lat' dir='ltr'>ultra</span> <span class='ocrx_word' id='word_1_250' title='bbox 1214 2493 1298 2561; x_wconf 83' lang='lat' dir='ltr'>mille,</span> 
     </span>
     <span class='ocr_line' id='line_1_28' title="bbox 181 2559 1300 2631; baseline -0.002 -13"><span class='ocrx_word' id='word_1_251' title='bbox 181 2563 229 2618; x_wconf 87' lang='lat' dir='ltr'>sed</span> <span class='ocrx_word' id='word_1_252' title='bbox 254 2565 365 2616; x_wconf 88' lang='lat' dir='ltr'>centum</span> <span class='ocrx_word' id='word_1_253' title='bbox 390 2565 419 2616; x_wconf 87' lang='lat' dir='ltr'>et</span> <span class='ocrx_word' id='word_1_254' title='bbox 441 2560 640 2631; x_wconf 86' lang='lat' dir='ltr'>quinquaginta</span> <span class='ocrx_word' id='word_1_255' title='bbox 662 2559 765 2614; x_wconf 90' lang='lat' dir='ltr'>ibidem</span> <span class='ocrx_word' id='word_1_256' title='bbox 791 2560 871 2614; x_wconf 87' lang='lat' dir='ltr'>occisi</span> <span class='ocrx_word' id='word_1_257' title='bbox 888 2565 959 2629; x_wconf 88' lang='lat' dir='ltr'>suut,</span> <span class='ocrx_word' id='word_1_258' title='bbox 979 2562 1079 2616; x_wconf 85' lang='lat' dir='ltr'>comite</span> <span class='ocrx_word' id='word_1_259' title='bbox 1097 2562 1131 2616; x_wconf 89' lang='lat' dir='ltr'>de</span> <span class='ocrx_word' id='word_1_260' title='bbox 1148 2561 1253 2616; x_wconf 89' lang='lat' dir='ltr'>luliaco</span> <span class='ocrx_word' id='word_1_261' title='bbox 1272 2571 1300 2618; x_wconf 90' lang='lat' dir='ltr'>et</span> 
     </span>
     <span class='ocr_line' id='line_1_29' title="bbox 182 2630 1298 2702; baseline 0 -14"><span class='ocrx_word' id='word_1_262' title='bbox 182 2634 286 2688; x_wconf 89' lang='lat' dir='ltr'>civibus</span> <span class='ocrx_word' id='word_1_263' title='bbox 305 2631 510 2686; x_wconf 74' lang='lat' dir='ltr'>coloniensibus</span> <span class='ocrx_word' id='word_1_264' title='bbox 528 2649 560 2685; x_wconf 92' lang='lat' dir='ltr'>ac</span> <span class='ocrx_word' id='word_1_265' title='bbox 576 2630 671 2685; x_wconf 88' lang='lat' dir='ltr'>multis</span> <span class='ocrx_word' id='word_1_266' title='bbox 688 2631 826 2685; x_wconf 86' lang='lat' dir='ltr'>nobilibus</span> <span class='ocrx_word' id='word_1_267' title='bbox 843 2635 872 2686; x_wconf 89' lang='lat' dir='ltr'>et</span> <span class='ocrx_word' id='word_1_268' title='bbox 890 2633 1023 2702; x_wconf 89' lang='lat' dir='ltr'>episcopis</span> <span class='ocrx_word' id='word_1_269' title='bbox 1041 2633 1186 2688; x_wconf 82' lang='lat' dir='ltr'>victoriose</span> <span class='ocrx_word' id='word_1_270' title='bbox 1204 2633 1298 2688; x_wconf 87' lang='lat' dir='ltr'>trium·</span> 
     </span>
     <span class='ocr_line' id='line_1_30' title="bbox 180 2701 1299 2774; baseline 0 -16"><span class='ocrx_word' id='word_1_271' title='bbox 180 2705 330 2774; x_wconf 87' lang='lat' dir='ltr'>phantibus</span> <span class='ocrx_word' id='word_1_272' title='bbox 348 2704 382 2757; x_wconf 90' lang='lat' dir='ltr'>de</span> <span class='ocrx_word' id='word_1_273' title='bbox 400 2702 507 2771; x_wconf 84' lang='lat' dir='ltr'>prefato</span> <span class='ocrx_word' id='word_1_274' title='bbox 526 2701 730 2771; x_wconf 85' lang='lat' dir='ltr'>archiepiscopo</span> <span class='ocrx_word' id='word_1_275' title='bbox 756 2705 785 2756; x_wconf 87' lang='lat' dir='ltr'>et</span> <span class='ocrx_word' id='word_1_276' title='bbox 803 2703 937 2772; x_wconf 90' lang='lat' dir='ltr'>episcopis</span> <span class='ocrx_word' id='word_1_277' title='bbox 953 2704 1111 2758; x_wconf 89' lang='lat' dir='ltr'>memoratis</span> <span class='ocrx_word' id='word_1_278' title='bbox 1128 2722 1160 2759; x_wconf 89' lang='lat' dir='ltr'>ac</span> <span class='ocrx_word' id='word_1_279' title='bbox 1178 2704 1299 2773; x_wconf 91' lang='lat' dir='ltr'>ipsorum</span> 
     </span>
     <span class='ocr_line' id='line_1_31' title="bbox 144 2773 1299 2844; baseline 0.001 -15"><span class='ocrx_word' id='word_1_280' title='bbox 144 2775 356 2844; x_wconf 76' lang='lat' dir='ltr'>coexercitibus,</span> <span class='ocrx_word' id='word_1_281' title='bbox 374 2791 443 2842; x_wconf 94' lang='lat' dir='ltr'>quos</span> <span class='ocrx_word' id='word_1_282' title='bbox 461 2777 579 2827; x_wconf 79' lang='lat' dir='ltr'>armatos</span> <span class='ocrx_word' id='word_1_283' title='bbox 597 2774 707 2842; x_wconf 91' lang='lat' dir='ltr'>plures</span> <span class='ocrx_word' id='word_1_284' title='bbox 725 2791 807 2840; x_wconf 88' lang='lat' dir='ltr'>quam</span> <span class='ocrx_word' id='word_1_285' title='bbox 825 2773 902 2828; x_wconf 92' lang='lat' dir='ltr'>mille</span> <span class='ocrx_word' id='word_1_286' title='bbox 921 2774 1042 2844; x_wconf 91' lang='lat' dir='ltr'>captivos</span> <span class='ocrx_word' id='word_1_287' title='bbox 1059 2775 1088 2828; x_wconf 93' lang='lat' dir='ltr'>in</span> <span class='ocrx_word' id='word_1_288' title='bbox 1106 2776 1154 2830; x_wconf 93' lang='lat' dir='ltr'>illo</span> <span class='ocrx_word' id='word_1_289' title='bbox 1170 2775 1299 2832; x_wconf 86' lang='lat' dir='ltr'>conflictu</span> 
     </span>
     <span class='ocr_line' id='line_1_32' title="bbox 181 2843 1299 2914; baseline 0.001 -14"><span class='ocrx_word' id='word_1_290' title='bbox 181 2847 326 2900; x_wconf 88' lang='lat' dir='ltr'>duxerunt.</span> <span class='ocrx_word' id='word_1_291' title='bbox 363 2844 396 2898; x_wconf 93' lang='lat' dir='ltr'>In</span> <span class='ocrx_word' id='word_1_292' title='bbox 425 2849 514 2898; x_wconf 89' lang='lat' dir='ltr'>castro</span> <span class='ocrx_word' id='word_1_293' title='bbox 533 2843 675 2897; x_wconf 71' lang='lat' dir='ltr'>Nidechel)</span> <span class='ocrx_word' id='word_1_294' title='bbox 698 2845 790 2912; x_wconf 90' lang='lat' dir='ltr'>plures</span> <span class='ocrx_word' id='word_1_295' title='bbox 818 2861 852 2898; x_wconf 85' lang='lat' dir='ltr'>ex</span> <span class='ocrx_word' id='word_1_296' title='bbox 879 2845 944 2914; x_wconf 91' lang='lat' dir='ltr'>ipsis</span> <span class='ocrx_word' id='word_1_297' title='bbox 968 2845 1004 2899; x_wconf 92' lang='lat' dir='ltr'>iu</span> <span class='ocrx_word' id='word_1_298' title='bbox 1029 2845 1143 2901; x_wconf 86' lang='lat' dir='ltr'>vinculis</span> <span class='ocrx_word' id='word_1_299' title='bbox 1168 2847 1299 2902; x_wconf 88' lang='lat' dir='ltr'>detenti</span> 
     </span>
     <span class='ocr_line' id='line_1_33' title="bbox 181 2914 1299 2990; baseline 0.002 -19"><span class='ocrx_word' id='word_1_300' title='bbox 181 2921 273 2976; x_wconf 76' lang='lat' dir='ltr'>sunt.</span> <span class='ocrx_word' id='word_1_301' title='bbox 392 2915 525 2970; x_wconf 76' lang='lat' dir='ltr'>Eodem</span> <span class='ocrx_word' id='word_1_302' title='bbox 555 2931 647 2968; x_wconf 88' lang='lat' dir='ltr'>anno</span> <span class='ocrx_word' id='word_1_303' title='bbox 678 2914 751 2968; x_wconf 82' lang='lat' dir='ltr'>infra</span> <span class='ocrx_word' id='word_1_304' title='bbox 781 2915 1009 2983; x_wconf 87' lang='lat' dir='ltr'>assumpcionem</span> <span class='ocrx_word' id='word_1_305' title='bbox 1039 2916 1157 2986; x_wconf 85' lang='lat' dir='ltr'>gloriose</span> <span class='ocrx_word' id='word_1_306' title='bbox 1186 2918 1299 2990; x_wconf 83' lang='lat' dir='ltr'>virginis</span> 
     </span>
     <span class='ocr_line' id='line_1_34' title="bbox 180 2984 1298 3070; baseline 0.001 -27"><span class='ocrx_word' id='word_1_307' title='bbox 180 2988 271 3043; x_wconf 87' lang='lat' dir='ltr'>Maris</span> <span class='ocrx_word' id='word_1_308' title='bbox 283 2991 400 3056; x_wconf 90' lang='lat' dir='ltr'>quatuor</span> <span class='ocrx_word' id='word_1_309' title='bbox 416 2987 496 3057; x_wconf 87' lang='lat' dir='ltr'>gnari</span> <span class='ocrx_word' id='word_1_310' title='bbox 514 2986 596 3040; x_wconf 88' lang='lat' dir='ltr'>maris</span> <span class='ocrx_word' id='word_1_311' title='bbox 615 3003 631 3040; x_wconf 91' lang='lat' dir='ltr'>a</span> <span class='ocrx_word' id='word_1_312' title='bbox 647 2991 730 3055; x_wconf 85' lang='lat' dir='ltr'>portu</span> <span class='ocrx_word' id='word_1_313' title='bbox 742 2984 881 3041; x_wconf 86' lang='lat' dir='ltr'>Rodestoc</span> <span class='ocrx_word' id='word_1_314' title='bbox 899 2987 1059 3070; x_wconf 87' lang='lat' dir='ltr'>navigantes</span> <span class='ocrx_word' id='word_1_315' title='bbox 1078 2989 1231 3044; x_wconf 85' lang='lat' dir='ltr'>eduxerunt</span> <span class='ocrx_word' id='word_1_316' title='bbox 1247 3007 1298 3058; x_wconf 88' lang='lat' dir='ltr'>pro</span> 
     </span>
     <span class='ocr_line' id='line_1_35' title="bbox 180 3055 1298 3129; baseline 0.001 -16"><span class='ocrx_word' id='word_1_317' title='bbox 180 3059 308 3114; x_wconf 89' lang='lat' dir='ltr'>mercede</span> <span class='ocrx_word' id='word_1_318' title='bbox 332 3058 442 3112; x_wconf 83' lang='lat' dir='ltr'>nautica</span> <span class='ocrx_word' id='word_1_319' title='bbox 466 3057 519 3110; x_wconf 85' lang='lat' dir='ltr'>XL</span> <span class='ocrx_word' id='word_1_320' title='bbox 544 3057 701 3112; x_wconf 87' lang='lat' dir='ltr'>meretrices</span> <span class='ocrx_word' id='word_1_321' title='bbox 726 3074 819 3110; x_wconf 85' lang='lat' dir='ltr'>versus</span> <span class='ocrx_word' id='word_1_322' title='bbox 837 3055 945 3112; x_wconf 85' lang='lat' dir='ltr'>Schone</span> <span class='ocrx_word' id='word_1_323' title='bbox 968 3077 996 3112; x_wconf 82' lang='lat' dir='ltr'>uu</span> <span class='ocrx_word' id='word_1_324' title='bbox 1014 3058 1136 3129; x_wconf 88' lang='lat' dir='ltr'>Daciam,</span> <span class='ocrx_word' id='word_1_325' title='bbox 1158 3061 1298 3128; x_wconf 89' lang='lat' dir='ltr'>cupientes</span> 
     </span>
     <span class='ocr_line' id='line_1_36' title="bbox 142 3127 1299 3200; baseline 0 -16"><span class='ocrx_word' id='word_1_326' title='bbox 142 3131 219 3190; x_wconf 79' lang='lat' dir='ltr'>ssibi</span> <span class='ocrx_word' id='word_1_327' title='bbox 244 3130 274 3183; x_wconf 92' lang='lat' dir='ltr'>in</span> <span class='ocrx_word' id='word_1_328' title='bbox 299 3135 413 3198; x_wconf 89' lang='lat' dir='ltr'>captura</span> <span class='ocrx_word' id='word_1_329' title='bbox 435 3129 551 3184; x_wconf 87' lang='lat' dir='ltr'>allecum</span> <span class='ocrx_word' id='word_1_330' title='bbox 575 3145 637 3181; x_wconf 89' lang='lat' dir='ltr'>suas</span> <span class='ocrx_word' id='word_1_331' title='bbox 661 3127 806 3196; x_wconf 85' lang='lat' dir='ltr'>spurcicias</span> <span class='ocrx_word' id='word_1_332' title='bbox 831 3145 967 3184; x_wconf 79' lang='lat' dir='ltr'>exercerc.</span> <span class='ocrx_word' id='word_1_333' title='bbox 1004 3128 1058 3200; x_wconf 79' lang='lat' dir='ltr'>Qui</span> <span class='ocrx_word' id='word_1_334' title='bbox 1080 3147 1143 3186; x_wconf 91' lang='lat' dir='ltr'>cum</span> <span class='ocrx_word' id='word_1_335' title='bbox 1160 3131 1299 3186; x_wconf 87' lang='lat' dir='ltr'>venissent</span> 
     </span>
     <span class='ocr_line' id='line_1_37' title="bbox 179 3197 1298 3271; baseline -0.001 -15"><span class='ocrx_word' id='word_1_336' title='bbox 179 3217 264 3271; x_wconf 88' lang='lat' dir='ltr'>super</span> <span class='ocrx_word' id='word_1_337' title='bbox 287 3201 374 3254; x_wconf 89' lang='lat' dir='ltr'>altum</span> <span class='ocrx_word' id='word_1_338' title='bbox 398 3200 520 3270; x_wconf 85' lang='lat' dir='ltr'>pelagus,</span> <span class='ocrx_word' id='word_1_339' title='bbox 546 3197 631 3252; x_wconf 90' lang='lat' dir='ltr'>flante</span> <span class='ocrx_word' id='word_1_340' title='bbox 656 3199 699 3251; x_wconf 89' lang='lat' dir='ltr'>ira</span> <span class='ocrx_word' id='word_1_341' title='bbox 717 3198 768 3253; x_wconf 90' lang='lat' dir='ltr'>Dei</span> <span class='ocrx_word' id='word_1_342' title='bbox 793 3203 897 3268; x_wconf 72' lang='lat' dir='ltr'>oportit</span> <span class='ocrx_word' id='word_1_343' title='bbox 922 3217 964 3255; x_wconf 83' lang='lat' dir='ltr'>eos</span> <span class='ocrx_word' id='word_1_344' title='bbox 987 3217 1070 3268; x_wconf 79' lang='lat' dir='ltr'>mora,</span> <span class='ocrx_word' id='word_1_345' title='bbox 1087 3203 1219 3255; x_wconf 68' lang='lat' dir='ltr'>wlmari</span> <span class='ocrx_word' id='word_1_346' title='bbox 1235 3210 1298 3256; x_wconf 82' lang='lat' dir='ltr'>eunt</span> 
     </span>
     <span class='ocr_line' id='line_1_38' title="bbox 178 3267 1296 3342; baseline 0.004 -19"><span class='ocrx_word' id='word_1_347' title='bbox 178 3275 261 3342; x_wconf 63' lang='lat' dir='ltr'>praet</span> <span class='ocrx_word' id='word_1_348' title='bbox 279 3272 418 3341; x_wconf 81' lang='lat' dir='ltr'>plumbum</span> <span class='ocrx_word' id='word_1_349' title='bbox 441 3273 472 3322; x_wconf 76' lang='lat' dir='ltr'>in</span> <span class='ocrx_word' id='word_1_350' title='bbox 497 3273 577 3338; x_wconf 75' lang='lat' dir='ltr'>aquia</span> <span class='ocrx_word' id='word_1_351' title='bbox 601 3271 798 3323; x_wconf 59' lang='lat' dir='ltr'>salmacidas.</span> <span class='ocrx_word' id='word_1_352' title='bbox 834 3267 949 3325; x_wconf 88' lang='lat' dir='ltr'>Omnes</span> <span class='ocrx_word' id='word_1_353' title='bbox 973 3287 1060 3326; x_wconf 87' lang='lat' dir='ltr'>vcro</span> <span class='ocrx_word' id='word_1_354' title='bbox 1078 3273 1165 3326; x_wconf 77' lang='lat' dir='ltr'>aliea</span> <span class='ocrx_word' id='word_1_355' title='bbox 1186 3289 1296 3342; x_wconf 88' lang='lat' dir='ltr'>naves,</span> 
     </span>
     <span class='ocr_line' id='line_1_39' title="bbox 179 3339 1296 3414; baseline 0.001 -16"><span class='ocrx_word' id='word_1_356' title='bbox 179 3361 234 3414; x_wconf 85' lang='lat' dir='ltr'>qne</span> <span class='ocrx_word' id='word_1_357' title='bbox 246 3359 310 3397; x_wconf 90' lang='lat' dir='ltr'>cum</span> <span class='ocrx_word' id='word_1_358' title='bbox 322 3342 360 3396; x_wconf 89' lang='lat' dir='ltr'>eis</span> <span class='ocrx_word' id='word_1_359' title='bbox 372 3341 547 3412; x_wconf 85' lang='lat' dir='ltr'>navigabant,</span> <span class='ocrx_word' id='word_1_360' title='bbox 566 3339 721 3410; x_wconf 88' lang='lat' dir='ltr'>apericulis</span> <span class='ocrx_word' id='word_1_361' title='bbox 734 3340 865 3394; x_wconf 84' lang='lat' dir='ltr'>marinis</span> <span class='ocrx_word' id='word_1_362' title='bbox 881 3341 975 3411; x_wconf 86' lang='lat' dir='ltr'>gracia</span> <span class='ocrx_word' id='word_1_363' title='bbox 992 3341 1044 3396; x_wconf 90' lang='lat' dir='ltr'>Dei</span> <span class='ocrx_word' id='word_1_364' title='bbox 1062 3342 1190 3398; x_wconf 88' lang='lat' dir='ltr'>liberate</span> <span class='ocrx_word' id='word_1_365' title='bbox 1207 3361 1244 3396; x_wconf 88' lang='lat' dir='ltr'>su</span> <span class='ocrx_word' id='word_1_366' title='bbox 1252 3361 1270 3396; x_wconf 92' lang='lat' dir='ltr'>n</span> <span class='ocrx_word' id='word_1_367' title='bbox 1278 3347 1296 3399; x_wconf 92' lang='lat' dir='ltr'>t.</span> 
     </span>
    </p>
   </div>
   <div class='ocr_carea' id='block_1_6' title="bbox 141 3419 1297 3590">
    <p class='ocr_par' dir='ltr' id='par_1_11' title="bbox 141 3419 1297 3590">
     <span class='ocr_line' id='line_1_40' title="bbox 287 3419 1297 3500; baseline 0.002 -19"><span class='ocrx_word' id='word_1_368' title='bbox 287 3419 381 3483; x_wconf 63' lang='grc' dir='ltr'>ΙιιΜ</span> <span class='ocrx_word' id='word_1_369' title='bbox 402 3423 596 3482; x_wconf 87' lang='lat' dir='ltr'>Iherusalem</span> <span class='ocrx_word' id='word_1_370' title='bbox 625 3424 657 3480; x_wconf 90' lang='lat' dir='ltr'>in</span> <span class='ocrx_word' id='word_1_371' title='bbox 685 3423 803 3498; x_wconf 89' lang='lat' dir='ltr'>templo</span> <span class='ocrx_word' id='word_1_372' title='bbox 826 3425 927 3482; x_wconf 87' lang='lat' dir='ltr'>sancti</span> <span class='ocrx_word' id='word_1_373' title='bbox 950 3425 1106 3500; x_wconf 87' lang='lat' dir='ltr'>sepulchri</span> <span class='ocrx_word' id='word_1_374' title='bbox 1129 3426 1170 3482; x_wconf 88' lang='lat' dir='ltr'>ad</span> <span class='ocrx_word' id='word_1_375' title='bbox 1192 3427 1297 3483; x_wconf 87' lang='lat' dir='ltr'>introi·</span> 
     </span>
     <span class='ocr_line' id='line_1_41' title="bbox 141 3509 1297 3590; baseline -0.002 -16"><span class='ocrx_word' id='word_1_376' title='bbox 141 3519 249 3582; x_wconf 63' lang='lat' dir='ltr'>sotum</span> <span class='ocrx_word' id='word_1_377' title='bbox 272 3515 371 3590; x_wconf 87' lang='lat' dir='ltr'>ipsius</span> <span class='ocrx_word' id='word_1_378' title='bbox 394 3514 522 3572; x_wconf 88' lang='lat' dir='ltr'>ecclesie</span> <span class='ocrx_word' id='word_1_379' title='bbox 544 3513 586 3570; x_wconf 91' lang='lat' dir='ltr'>ad</span> <span class='ocrx_word' id='word_1_380' title='bbox 609 3509 789 3570; x_wconf 80' lang='lat' dir='ltr'>dexteram¹</span> <span class='ocrx_word' id='word_1_381' title='bbox 810 3515 859 3570; x_wconf 88' lang='lat' dir='ltr'>est</span> <span class='ocrx_word' id='word_1_382' title='bbox 874 3529 965 3569; x_wconf 90' lang='lat' dir='ltr'>mons</span> <span class='ocrx_word' id='word_1_383' title='bbox 981 3511 1132 3583; x_wconf 72' lang='lat' dir='ltr'>calvarie,</span> <span class='ocrx_word' id='word_1_384' title='bbox 1155 3515 1210 3572; x_wconf 92' lang='lat' dir='ltr'>ubi</span> <span class='ocrx_word' id='word_1_385' title='bbox 1232 3531 1297 3572; x_wconf 87' lang='lat' dir='ltr'>cru·</span> 
     </span>
    </p>
   </div>
   <div class='ocr_carea' id='block_1_7' title="bbox 142 3711 1298 4140">
    <p class='ocr_par' dir='ltr' id='par_1_12' title="bbox 178 3711 1298 3928">
     <span class='ocr_line' id='line_1_42' title="bbox 178 3711 1296 3768; baseline -0.004 -9"><span class='ocrx_word' id='word_1_386' title='bbox 178 3721 201 3768; x_wconf 81' lang='lat' dir='ltr'>a)</span> <span class='ocrx_word' id='word_1_387' title='bbox 216 3717 301 3759; x_wconf 76' lang='lat' dir='ltr'>Sancta</span> <span class='ocrx_word' id='word_1_388' title='bbox 314 3716 443 3767; x_wconf 62' lang='lat' dir='ltr'>Hedum</span> <span class='ocrx_word' id='word_1_389' title='bbox 457 3716 478 3760; x_wconf 70' lang='lat' dir='ltr'>t.</span> <span class='ocrx_word' id='word_1_390' title='bbox 484 3717 499 3760; x_wconf 80' lang='lat'>1.</span> <span class='ocrx_word' id='word_1_391' title='bbox 513 3715 576 3768; x_wconf 58' lang='lat'>¹⁸⁸³?</span> <span class='ocrx_word' id='word_1_392' title='bbox 597 3715 620 3759; x_wconf 77' lang='lat' dir='ltr'>S.</span> <span class='ocrx_word' id='word_1_393' title='bbox 633 3715 662 3759; x_wconf 76' lang='grc' dir='ltr'>Η,</span> <span class='ocrx_word' id='word_1_394' title='bbox 675 3725 727 3755; x_wconf 85' lang='lat' dir='ltr'>von.</span> <span class='ocrx_word' id='word_1_395' title='bbox 739 3714 787 3755; x_wconf 76' lang='lat' dir='ltr'>vlts</span> <span class='ocrx_word' id='word_1_396' title='bbox 800 3713 853 3754; x_wconf 85' lang='lat' dir='ltr'>olim</span> <span class='ocrx_word' id='word_1_397' title='bbox 867 3711 916 3757; x_wconf 84' lang='lat' dir='ltr'>duo.</span> <span class='ocrx_word' id='word_1_398' title='bbox 930 3713 978 3758; x_wconf 87' lang='lat' dir='ltr'>Pol.</span> <span class='ocrx_word' id='word_1_399' title='bbox 990 3711 1017 3754; x_wconf 62' lang='lat'>8⁵</span> <span class='ocrx_word' id='word_1_400' title='bbox 1030 3717 1090 3763; x_wconf 80' lang='lat' dir='ltr'>(von.</span> <span class='ocrx_word' id='word_1_401' title='bbox 1102 3735 1130 3746; x_wconf 89' lang='lat'><em>-</em></span> <span class='ocrx_word' id='word_1_402' title='bbox 1143 3715 1190 3758; x_wconf 77' lang='lat' dir='ltr'>Pol</span> <span class='ocrx_word' id='word_1_403' title='bbox 1204 3726 1245 3759; x_wconf 85' lang='lat' dir='ltr'>om.</span> <span class='ocrx_word' id='word_1_404' title='bbox 1255 3715 1296 3767; x_wconf 75' lang='lat'>2⁸).</span> 
     </span>
     <span class='ocr_line' id='line_1_43' title="bbox 179 3766 1298 3823; baseline -0.003 -11"><span class='ocrx_word' id='word_1_405' title='bbox 179 3771 202 3823; x_wconf 90' lang='lat' dir='ltr'>b)</span> <span class='ocrx_word' id='word_1_406' title='bbox 215 3771 247 3811; x_wconf 78' lang='lat' dir='ltr'>alc</span> <span class='ocrx_word' id='word_1_407' title='bbox 261 3771 295 3817; x_wconf 81' lang='grc' dir='ltr'>Β,-</span> <span class='ocrx_word' id='word_1_408' title='bbox 315 3770 355 3819; x_wconf 83' lang='lat' dir='ltr'>qul</span> <span class='ocrx_word' id='word_1_409' title='bbox 369 3771 394 3820; x_wconf 67' lang='grc' dir='ltr'>ις</span> <span class='ocrx_word' id='word_1_410' title='bbox 416 3773 439 3810; x_wconf 87' lang='lat' dir='ltr'>ct</span> <span class='ocrx_word' id='word_1_411' title='bbox 452 3768 491 3822; x_wconf 67' lang='lat'>²⁶3</span> <span class='ocrx_word' id='word_1_412' title='bbox 512 3780 556 3819; x_wconf 83' lang='lat' dir='ltr'>qno</span> <span class='ocrx_word' id='word_1_413' title='bbox 569 3789 595 3798; x_wconf 92' lang='lat'>-</span> <span class='ocrx_word' id='word_1_414' title='bbox 609 3767 717 3820; x_wconf 77' lang='lat' dir='ltr'>prodigiis</span> <span class='ocrx_word' id='word_1_415' title='bbox 731 3779 771 3810; x_wconf 74' lang='lat' dir='ltr'>om.</span> <span class='ocrx_word' id='word_1_416' title='bbox 785 3767 817 3810; x_wconf 73' lang='lat'>5¹.</span> <span class='ocrx_word' id='word_1_417' title='bbox 884 3766 905 3818; x_wconf 92' lang='lat' dir='ltr'>c)</span> <span class='ocrx_word' id='word_1_418' title='bbox 922 3767 989 3818; x_wconf 80' lang='lat' dir='ltr'>rsspl.</span> <span class='ocrx_word' id='word_1_419' title='bbox 1002 3769 1050 3810; x_wconf 84' lang='lat' dir='ltr'>mir.</span> <span class='ocrx_word' id='word_1_420' title='bbox 1064 3767 1097 3811; x_wconf 63' lang='lat' dir='ltr'>ab.</span> <span class='ocrx_word' id='word_1_421' title='bbox 1164 3767 1188 3816; x_wconf 87' lang='lat' dir='ltr'>d)</span> <span class='ocrx_word' id='word_1_422' title='bbox 1201 3769 1258 3810; x_wconf 84' lang='lat' dir='ltr'>hanc</span> <span class='ocrx_word' id='word_1_423' title='bbox 1271 3791 1298 3799; x_wconf 98' lang='lat'>—</span> 
     </span>
     <span class='ocr_line' id='line_1_44' title="bbox 178 3817 1297 3874; baseline -0.004 -8"><span class='ocrx_word' id='word_1_424' title='bbox 178 3824 294 3874; x_wconf 81' lang='lat' dir='ltr'>usorlpstt</span> <span class='ocrx_word' id='word_1_425' title='bbox 307 3835 348 3866; x_wconf 74' lang='lat' dir='ltr'>om.</span> <span class='ocrx_word' id='word_1_426' title='bbox 361 3822 419 3865; x_wconf 73' lang='grc' dir='ltr'>Μ.</span> <span class='ocrx_word' id='word_1_427' title='bbox 472 3825 494 3872; x_wconf 86' lang='lat' dir='ltr'>e)</span> <span class='ocrx_word' id='word_1_428' title='bbox 507 3823 522 3866; x_wconf 93' lang='grc'>1.</span> <span class='ocrx_word' id='word_1_429' title='bbox 535 3835 553 3866; x_wconf 91' lang='lat' dir='ltr'>s.</span> <span class='ocrx_word' id='word_1_430' title='bbox 566 3833 602 3874; x_wconf 77' lang='lat' dir='ltr'>ap.</span> <span class='ocrx_word' id='word_1_431' title='bbox 615 3833 656 3864; x_wconf 81' lang='lat' dir='ltr'>om.</span> <span class='ocrx_word' id='word_1_432' title='bbox 669 3821 702 3864; x_wconf 69' lang='lat'>2¹.</span> <span class='ocrx_word' id='word_1_433' title='bbox 754 3817 823 3872; x_wconf 73' lang='lat' dir='ltr'>olid.</span> <span class='ocrx_word' id='word_1_434' title='bbox 836 3820 898 3864; x_wconf 73' lang='lat' dir='ltr'>malt</span> <span class='ocrx_word' id='word_1_435' title='bbox 912 3819 945 3863; x_wconf 62' lang='lat'>2³.</span> <span class='ocrx_word' id='word_1_436' title='bbox 997 3823 1020 3871; x_wconf 72' lang='grc' dir='ltr'>ι)</span> <span class='ocrx_word' id='word_1_437' title='bbox 1033 3831 1074 3864; x_wconf 72' lang='lat' dir='ltr'>m.</span> <span class='ocrx_word' id='word_1_438' title='bbox 1088 3819 1147 3865; x_wconf 69' lang='grc' dir='ltr'>Μ.</span> <span class='ocrx_word' id='word_1_439' title='bbox 1195 3821 1219 3874; x_wconf 87' lang='lat' dir='ltr'>h)</span> <span class='ocrx_word' id='word_1_440' title='bbox 1232 3823 1297 3863; x_wconf 82' lang='lat' dir='ltr'>Wra-</span> 
     </span>
     <span class='ocr_line' id='line_1_45' title="bbox 178 3872 1297 3928; baseline -0.003 -9"><span class='ocrx_word' id='word_1_441' title='bbox 178 3877 305 3919; x_wconf 77' lang='lat' dir='ltr'>tlslavtanal</span> <span class='ocrx_word' id='word_1_442' title='bbox 318 3879 350 3920; x_wconf 75' lang='lat'>2⁸.</span> <span class='ocrx_word' id='word_1_443' title='bbox 364 3877 414 3926; x_wconf 78' lang='lat' dir='ltr'>Bt;</span> <span class='ocrx_word' id='word_1_444' title='bbox 427 3877 576 3917; x_wconf 81' lang='lat' dir='ltr'>Breslavlsnst</span> <span class='ocrx_word' id='word_1_445' title='bbox 590 3874 628 3928; x_wconf 66' lang='lat'>⁸⁶3</span> <span class='ocrx_word' id='word_1_446' title='bbox 643 3872 719 3917; x_wconf 74' lang='lat' dir='ltr'>wnd</span> <span class='ocrx_word' id='word_1_447' title='bbox 733 3873 801 3926; x_wconf 76' lang='lat' dir='ltr'>episc.</span> <span class='ocrx_word' id='word_1_448' title='bbox 816 3876 835 3918; x_wconf 88' lang='lat'>1.</span> <span class='ocrx_word' id='word_1_449' title='bbox 878 3873 895 3923; x_wconf 88' lang='lat' dir='ltr'>l)</span> <span class='ocrx_word' id='word_1_450' title='bbox 908 3873 991 3922; x_wconf 80' lang='lat' dir='ltr'>illaque</span> <span class='ocrx_word' id='word_1_451' title='bbox 1005 3885 1019 3914; x_wconf 78' lang='lat' dir='ltr'>a</span> <span class='ocrx_word' id='word_1_452' title='bbox 1032 3883 1092 3925; x_wconf 79' lang='lat' dir='ltr'>papa</span> <span class='ocrx_word' id='word_1_453' title='bbox 1104 3875 1218 3916; x_wconf 73' lang='lat' dir='ltr'>elementa</span> <span class='ocrx_word' id='word_1_454' title='bbox 1232 3887 1297 3916; x_wconf 82' lang='lat' dir='ltr'>cano·</span> 
     </span>
    </p>

    <p class='ocr_par' dir='ltr' id='par_1_13' title="bbox 142 3922 1297 4140">
     <span class='ocr_line' id='line_1_46' title="bbox 142 3922 1295 3981; baseline -0.003 -9"><span class='ocrx_word' id='word_1_455' title='bbox 142 3922 170 3962; x_wconf 74' lang='lat'>⁴⁶</span> <span class='ocrx_word' id='word_1_456' title='bbox 179 3933 254 3972; x_wconf 71' lang='lat' dir='ltr'>unu</span> <span class='ocrx_word' id='word_1_457' title='bbox 268 3931 311 3970; x_wconf 75' lang='lat' dir='ltr'>rna</span> <span class='ocrx_word' id='word_1_458' title='bbox 323 3931 371 3972; x_wconf 71' lang='lat' dir='ltr'>aa</span> <span class='ocrx_word' id='word_1_459' title='bbox 384 3930 436 3972; x_wconf 75' lang='lat' dir='ltr'>aaa.</span> <span class='ocrx_word' id='word_1_460' title='bbox 448 3929 481 3970; x_wconf 70' lang='lat' dir='ltr'>aa.</span> <span class='ocrx_word' id='word_1_461' title='bbox 530 3928 555 3980; x_wconf 73' lang='lat' dir='ltr'>a)</span> <span class='ocrx_word' id='word_1_462' title='bbox 569 3929 689 3979; x_wconf 66' lang='lat' dir='ltr'>usnam</span> <span class='ocrx_word' id='word_1_463' title='bbox 702 3928 733 3970; x_wconf 63' lang='grc' dir='ltr'>ιι.</span> <span class='ocrx_word' id='word_1_464' title='bbox 781 3928 798 3976; x_wconf 86' lang='lat'>1)</span> <span class='ocrx_word' id='word_1_465' title='bbox 811 3928 885 3977; x_wconf 68' lang='lat' dir='ltr'>petus</span> <span class='ocrx_word' id='word_1_466' title='bbox 898 3927 1024 3978; x_wconf 75' lang='lat' dir='ltr'>populoque</span> <span class='ocrx_word' id='word_1_467' title='bbox 1038 3927 1096 3972; x_wconf 69' lang='lat' dir='ltr'>sva.</span> <span class='ocrx_word' id='word_1_468' title='bbox 1144 3927 1175 3980; x_wconf 80' lang='lat' dir='ltr'>m)</span> <span class='ocrx_word' id='word_1_469' title='bbox 1188 3929 1219 3968; x_wconf 68' lang='lat' dir='ltr'>aa</span> <span class='ocrx_word' id='word_1_470' title='bbox 1232 3929 1295 3981; x_wconf 57' lang='lat' dir='ltr'>aava</span> 
     </span>
     <span class='ocr_line' id='line_1_47' title="bbox 178 3979 1297 4034; baseline -0.001 -8"><span class='ocrx_word' id='word_1_471' title='bbox 178 3985 224 4026; x_wconf 71' lang='lat' dir='ltr'>fult</span> <span class='ocrx_word' id='word_1_472' title='bbox 237 3986 256 4026; x_wconf 89' lang='lat'>1.</span> <span class='ocrx_word' id='word_1_473' title='bbox 313 3983 337 4034; x_wconf 88' lang='lat' dir='ltr'>n)</span> <span class='ocrx_word' id='word_1_474' title='bbox 350 3984 382 4023; x_wconf 78' lang='lat' dir='ltr'>stc</span> <span class='ocrx_word' id='word_1_475' title='bbox 395 3983 420 4034; x_wconf 78' lang='lat'>¹3</span> <span class='ocrx_word' id='word_1_476' title='bbox 435 3983 509 4024; x_wconf 81' lang='lat' dir='ltr'>sancti</span> <span class='ocrx_word' id='word_1_477' title='bbox 522 3983 583 4022; x_wconf 81' lang='lat' dir='ltr'>Luce</span> <span class='ocrx_word' id='word_1_478' title='bbox 597 3983 633 4025; x_wconf 81' lang='lat' dir='ltr'>Or.</span> <span class='ocrx_word' id='word_1_479' title='bbox 647 3981 701 4024; x_wconf 72' lang='lat' dir='ltr'>lits.</span> <span class='ocrx_word' id='word_1_480' title='bbox 715 3979 773 4022; x_wconf 74' lang='lat' dir='ltr'>eone.</span> <span class='ocrx_word' id='word_1_481' title='bbox 826 3981 848 4032; x_wconf 89' lang='lat' dir='ltr'>o)</span> <span class='ocrx_word' id='word_1_482' title='bbox 862 3981 942 4022; x_wconf 82' lang='lat' dir='ltr'>comite</span> <span class='ocrx_word' id='word_1_483' title='bbox 956 3981 974 4023; x_wconf 86' lang='lat'>1.</span> <span class='ocrx_word' id='word_1_484' title='bbox 1027 3979 1052 4032; x_wconf 90' lang='lat' dir='ltr'>p)</span> <span class='ocrx_word' id='word_1_485' title='bbox 1064 3982 1096 4022; x_wconf 76' lang='lat' dir='ltr'>stc</span> <span class='ocrx_word' id='word_1_486' title='bbox 1110 3981 1144 4028; x_wconf 82' lang='lat' dir='ltr'>N.·</span> <span class='ocrx_word' id='word_1_487' title='bbox 1157 3981 1263 4024; x_wconf 78' lang='lat' dir='ltr'>l&#39;lidecks</span> <span class='ocrx_word' id='word_1_488' title='bbox 1278 3987 1297 4026; x_wconf 92' lang='lat'>1.</span> 
     </span>
     <span class='ocr_line' id='line_1_48' title="bbox 179 4029 1297 4090; baseline -0.002 -13"><span class='ocrx_word' id='word_1_489' title='bbox 179 4038 203 4090; x_wconf 84' lang='lat' dir='ltr'>q)</span> <span class='ocrx_word' id='word_1_490' title='bbox 220 4037 261 4078; x_wconf 80' lang='lat' dir='ltr'>alli</span> <span class='ocrx_word' id='word_1_491' title='bbox 275 4029 293 4079; x_wconf 79' lang='lat' dir='ltr'>f.</span> <span class='ocrx_word' id='word_1_492' title='bbox 360 4035 380 4088; x_wconf 88' lang='lat' dir='ltr'>r)</span> <span class='ocrx_word' id='word_1_493' title='bbox 397 4040 515 4086; x_wconf 65' lang='lat' dir='ltr'>musam</span> <span class='ocrx_word' id='word_1_494' title='bbox 528 4035 689 4086; x_wconf 59' lang='lat' dir='ltr'>ammaum</span> <span class='ocrx_word' id='word_1_495' title='bbox 702 4035 800 4074; x_wconf 72' lang='lat' dir='ltr'>locor-sm</span> <span class='ocrx_word' id='word_1_496' title='bbox 813 4033 1060 4085; x_wconf 65' lang='lat' dir='ltr'>Hiempsalem</span> <span class='ocrx_word' id='word_1_497' title='bbox 1072 4035 1150 4075; x_wconf 61' lang='lat' dir='ltr'>batos!</span> <span class='ocrx_word' id='word_1_498' title='bbox 1163 4037 1228 4075; x_wconf 77' lang='lat' dir='ltr'>ettam</span> <span class='ocrx_word' id='word_1_499' title='bbox 1241 4037 1262 4075; x_wconf 83' lang='grc' dir='ltr'><em>Ε</em></span> <span class='ocrx_word' id='word_1_500' title='bbox 1277 4041 1297 4075; x_wconf 74' lang='lat' dir='ltr'>st</span> 
     </span>
     <span class='ocr_line' id='line_1_49' title="bbox 178 4085 870 4140; baseline -0.009 -8"><span class='ocrx_word' id='word_1_501' title='bbox 178 4093 239 4134; x_wconf 73' lang='lat' dir='ltr'>cont.</span> <span class='ocrx_word' id='word_1_502' title='bbox 255 4090 329 4140; x_wconf 63' lang='lat' dir='ltr'>mr„</span> <span class='ocrx_word' id='word_1_503' title='bbox 343 4089 379 4132; x_wconf 74' lang='grc' dir='ltr'>Ἰ).</span> <span class='ocrx_word' id='word_1_504' title='bbox 392 4087 451 4132; x_wconf 71' lang='lat' dir='ltr'>0er</span> <span class='ocrx_word' id='word_1_505' title='bbox 465 4089 500 4140; x_wconf 87' lang='lat'>11,</span> <span class='ocrx_word' id='word_1_506' title='bbox 516 4101 542 4139; x_wconf 77' lang='lat' dir='ltr'>p.</span> <span class='ocrx_word' id='word_1_507' title='bbox 556 4089 596 4130; x_wconf 72' lang='lat' dir='ltr'><strong>m</strong></span> <span class='ocrx_word' id='word_1_508' title='bbox 609 4099 641 4140; x_wconf 77' lang='lat' dir='ltr'>sp.</span> <span class='ocrx_word' id='word_1_509' title='bbox 693 4085 714 4140; x_wconf 85' lang='lat' dir='ltr'>s)</span> <span class='ocrx_word' id='word_1_510' title='bbox 727 4085 830 4128; x_wconf 78' lang='lat' dir='ltr'>dextram</span> <span class='ocrx_word' id='word_1_511' title='bbox 843 4087 870 4131; x_wconf 71' lang='lat' dir='ltr'>B.</span> 
     </span>
    </p>
   </div>
   <div class='ocr_carea' id='block_1_8' title="bbox 142 4245 1297 4459">
    <p class='ocr_par' dir='ltr' id='par_1_14' title="bbox 142 4245 1297 4459">
     <span class='ocr_line' id='line_1_50' title="bbox 180 4245 1297 4320; baseline -0.002 -18"><span class='ocrx_word' id='word_1_512' title='bbox 180 4249 208 4320; x_wconf 90' lang='lat'>1)</span> <span class='ocrx_word' id='word_1_513' title='bbox 226 4249 313 4302; x_wconf 81' lang='lat' dir='ltr'>Falso</span> <span class='ocrx_word' id='word_1_514' title='bbox 330 4248 378 4302; x_wconf 72' lang='lat' dir='ltr'>hoc</span> <span class='ocrx_word' id='word_1_515' title='bbox 395 4248 516 4300; x_wconf 65' lang='grc' dir='ltr'>αάἀίίαιη</span> <span class='ocrx_word' id='word_1_516' title='bbox 534 4253 588 4310; x_wconf 72' lang='lat' dir='ltr'>ast:</span> <span class='ocrx_word' id='word_1_517' title='bbox 611 4247 749 4315; x_wconf 76' lang='lat' dir='ltr'>Hodws&#39;pr&#39;s</span> <span class='ocrx_word' id='word_1_518' title='bbox 766 4245 822 4300; x_wconf 77' lang='lat' dir='ltr'>am</span> <span class='ocrx_word' id='word_1_519' title='bbox 840 4263 867 4300; x_wconf 84' lang='lat' dir='ltr'>a.</span> <span class='ocrx_word' id='word_1_520' title='bbox 881 4249 958 4304; x_wconf 81' lang='lat'>1244.</span> <span class='ocrx_word' id='word_1_521' title='bbox 978 4247 1049 4304; x_wconf 77' lang='lat' dir='ltr'>obiit.</span> <span class='ocrx_word' id='word_1_522' title='bbox 1139 4247 1167 4316; x_wconf 75' lang='lat'>2)</span> <span class='ocrx_word' id='word_1_523' title='bbox 1183 4248 1297 4316; x_wconf 71' lang='lat' dir='ltr'>Sequens</span> 
     </span>
     <span class='ocr_line' id='line_1_51' title="bbox 142 4318 1297 4388; baseline -0.003 -12"><span class='ocrx_word' id='word_1_524' title='bbox 142 4321 322 4388; x_wconf 69' lang='lat' dir='ltr'>ademptio</span> <span class='ocrx_word' id='word_1_525' title='bbox 340 4320 455 4372; x_wconf 67' lang='lat' dir='ltr'>baconem</span> <span class='ocrx_word' id='word_1_526' title='bbox 467 4333 608 4372; x_wconf 69' lang='lat' dir='ltr'>moram</span> <span class='ocrx_word' id='word_1_527' title='bbox 619 4335 677 4371; x_wconf 81' lang='lat' dir='ltr'>cam</span> <span class='ocrx_word' id='word_1_528' title='bbox 689 4319 769 4372; x_wconf 74' lang='lat' dir='ltr'>nullo</span> <span class='ocrx_word' id='word_1_529' title='bbox 782 4319 846 4388; x_wconf 69' lang='lat' dir='ltr'>alab,</span> <span class='ocrx_word' id='word_1_530' title='bbox 864 4318 934 4386; x_wconf 70' lang='lat' dir='ltr'>qvod</span> <span class='ocrx_word' id='word_1_531' title='bbox 945 4320 1036 4388; x_wconf 61' lang='lat' dir='ltr'>mom,</span> <span class='ocrx_word' id='word_1_532' title='bbox 1053 4321 1183 4386; x_wconf 78' lang='lat' dir='ltr'>oosprus&#39;t.</span> <span class='ocrx_word' id='word_1_533' title='bbox 1212 4319 1297 4384; x_wconf 70' lang='lat' dir='ltr'>Osace-</span> 
     </span>
     <span class='ocr_line' id='line_1_52' title="bbox 179 4389 1295 4459; baseline 0.002 -13"><span class='ocrx_word' id='word_1_534' title='bbox 179 4393 244 4446; x_wconf 78' lang='lat' dir='ltr'>dam</span> <span class='ocrx_word' id='word_1_535' title='bbox 261 4393 412 4446; x_wconf 75' lang='lat' dir='ltr'>wmmsms&#39;c</span> <span class='ocrx_word' id='word_1_536' title='bbox 429 4390 505 4443; x_wconf 77' lang='lat' dir='ltr'>tabet</span> <span class='ocrx_word' id='word_1_537' title='bbox 522 4405 581 4442; x_wconf 72' lang='lat' dir='ltr'>crem</span> <span class='ocrx_word' id='word_1_538' title='bbox 598 4391 670 4442; x_wconf 66' lang='lat' dir='ltr'>addc</span> <span class='ocrx_word' id='word_1_539' title='bbox 687 4389 721 4443; x_wconf 84' lang='lat' dir='ltr'>ct</span> <span class='ocrx_word' id='word_1_540' title='bbox 739 4390 866 4457; x_wconf 80' lang='lat' dir='ltr'>Eccordo,</span> <span class='ocrx_word' id='word_1_541' title='bbox 885 4389 989 4459; x_wconf 77' lang='lat' dir='ltr'>Corpus</span> <span class='ocrx_word' id='word_1_542' title='bbox 1006 4389 1053 4445; x_wconf 76' lang='lat' dir='ltr'>SS.</span> <span class='ocrx_word' id='word_1_543' title='bbox 1067 4391 1107 4456; x_wconf 91' lang='lat' dir='ltr'>II,</span> <span class='ocrx_word' id='word_1_544' title='bbox 1125 4406 1145 4445; x_wconf 85' lang='lat' dir='ltr'>c.</span> <span class='ocrx_word' id='word_1_545' title='bbox 1159 4393 1229 4447; x_wconf 74' lang='lat'>1345</span> <span class='ocrx_word' id='word_1_546' title='bbox 1240 4407 1295 4459; x_wconf 74' lang='lat' dir='ltr'>sqq.</span> 
     </span>
    </p>
   </div>
   <div class='ocr_carea' id='block_1_9' title="bbox 1048 4499 1081 4551">
    <p class='ocr_par' dir='ltr' id='par_1_15' title="bbox 1048 4499 1081 4551">
     <span class='ocr_line' id='line_1_53' title="bbox 1048 4499 1081 4551; baseline 0 0"><span class='ocrx_word' id='word_1_547' title='bbox 1048 4499 1081 4551; x_wconf 81' lang='lat'>17</span> 
     </span>
    </p>
   </div>
   <div class='ocr_carea' id='block_1_10' title="bbox 0 0 1616 4850">
    <p class='ocr_par' dir='ltr' id='par_1_16' title="bbox 0 0 1616 4850">
     <span class='ocr_line' id='line_1_54' title="bbox 0 0 1616 4850; baseline 0 1"><span class='ocrx_word' id='word_1_548' title='bbox 0 0 1616 4850; x_wconf 95' lang='lat' dir='ltr'> </span> 
     </span>
    </p>
   </div>
  </div>
 </body>
</html>
