3222 4850
268 309 434 365 ORONIOA
447 309 475 366 S.
485 307 602 366 PETRI
614 307 876 364 ERFORDENSIS
887 307 978 370 Mon.
997 309 1032 365 A.
1044 313 1121 368 1208.
1133 314 1209 369 1209.
1257 316 1310 369 207

301 581 399 646 Hoc*
425 603 515 647 anno
539 582 631 668 cepit
654 582 738 646 ordo
761 581 934 646 Minorum
957 582 1116 646 fratrum.

300 676 487 735 MCGVIHI.
534 671 632 735 Οιιοι
654 677 858 734 confirmatus
888 679 921 734 in
944 693 1087 752 regnum
1110 680 1398 745 metum1ni-1209,

193 767 274 842 quis,
297 767 389 824 iustis
412 783 486 824 vero
515 769 548 824 et
570 766 788 824 ecclesiasticis
810 767 947 824 maxime
969 767 1111 841 personis
1134 785 1223 842 apem
1246 785 1477 834 nonenoeane.

157 855 351 916 sinodicam
384 855 561 930 ingerebat:
598 855 674 912 talia
701 856 786 911 enirn
816 858 906 913 erant
934 856 1096 930 principia,
1127 857 1167 914 de
1196 857 1310 932 quibus

194 945 296 1001 bonus
319 945 421 1002 exitus
438 945 531 1019 digne
555 947 741 1018 speraretur.
777 941 907 1002 Cunctis
929 945 1059 1019 igitur
1080 961 1227 1020 prospere
1243 963 1310 1004 suc·

193 1033 389 1101 cedentibus,
413 1034 460 1090 vir
483 1037 664 1100 strennuus,
688 1035 741 1108 qui
763 1033 918 1090 anteactis
941 1033 1052 1091 diebus
1075 1034 1109 1090 in
1131 1036 1255 1110 magnis
1278 1039 1311 1092 et

194 1121 419 1196 multiplicibus
442 1121 686 1180 adversitatibus
710 1122 775 1178 suia
797 1121 940 1179 animum
962 1137 1137 1198 numquam
1160 1123 1310 1181 submise-

195 1215 253 1279 rat,
281 1227 367 1268 nunc
396 1211 467 1268 letis
502 1210 699 1269 rauccesibus
728 1210 832 1268 iactus
862 1211 1041 1279 animosior,
1072 1227 1112 1268 ne
1143 1212 1220 1287 quid
1251 1213 1311 1269 sibi

159 1322 186 1359 lo
195 1299 320 1356 deeset
342 1299 375 1356 in
397 1300 457 1357 hac
481 1292 599 1357 ‘rerum
622 1315 747 1356 summa
769 1300 951 1370 constituto,
976 1300 1018 1357 ad
1040 1300 1099 1358 hoc
1117 1301 1408 1368 omnimodorum.

92 1375 367 1462 ·,‚‚382,aspirat¹’‚
391 1391 428 1446 ut
449 1388 601 1463 imperiali
623 1389 722 1446 eciam
745 1388 962 1446 benedictione
979 1382 1122 1464 'accepta
1143 1390 1312 1464 imperator

195 1477 356 1534 Romanus
379 1480 543 1534 vocaretur
572 1481 605 1534 et
634 1480 728 1534 esset.
773 1477 907 1552 Igitur
929 1477 1074 1534 omnibus
1097 1494 1158 1553 que
1180 1477 1222 1535 ad
1244 1482 1311 1536 tam

194 1564 330 1622 arduum
352 1566 517 1640 negocium
539 1567 716 1624 necessaria
739 1569 829 1622 erant
851 1566 1015 1641 expeditis,
1045 1568 1104 1623 iter
1126 1568 1257 1642 arripuit
1279 1571 1312 1625 et

196 1654 291 1728 Alpes
314 1672 387 1711 cum
410 1655 535 1729 copioso
558 1655 711 1713 comitatu
732 1655 978 1730 transgrediens,
1001 1673 1020 1713 a
1043 1655 1256 1731 longobardis
1280 1661 1312 1714 et

159 1755 185 1794 ιι
194 1743 305 1800 Tucia
328 1743 496 1801 honorifice
511 1747 687 1818 susceptus,
710 1743 900 1819 multisque
923 1748 963 1801 et
983 1745 1108 1819 magnis
1129 1745 1312 1802 muneribus

194 1831 235 1889 ab
263 1832 308 1889 eis
335 1832 578 1901 honoratus,
609 1836 675 1889 tam
704 1833 738 1889 in
760 1832 854 1890 rebus
877 1849 973 1909 quam
995 1833 1029 1889 in
1051 1835 1193 1907 personis
1216 1834 1311 1891 nichil

195 1921 413 1995 experiebatur
434 1921 613 1979 adversum.
648 1921 790 1978 Tandem
813 1938 922 1979 mense
942 1921 1117 1996 Septembri
1140 1939 1213 1980 cum
1228 1940 1379 1991 exer-sepe.

354 2196 420 2246 runt
436 2191 540 2246 mortui
557 2193 619 2262 plus
636 2209 719 2262 quam
737 2193 813 2247 mille
831 2193 963 2248 homines.
999 2191 1034 2247 In
1053 2194 1164 2248 civiate
1182 2193 1306 2249 Nucbir⁰
1323 2201 1399 2254 1279.

355 2263 459 2318 corruit
470 2264 665 2318 monasterium
677 2263 788 2318 maioris
806 2265 920 2319 ecclesie
939 2282 1003 2320 cum
1016 2264 1128 2320 edificiis
1145 2269 1173 2320 et
1185 2266 1312 2320 omnibus

355 2335 437 2389 curiis
461 2335 662 2403 canonicorum,
687 2337 748 2404 plus
771 2353 854 2404 quam
879 2335 970 2389 media
988 2353 1057 2460 pars
1077 2337 1161 2406 ipsius
1179 2337 1311 2408 civitatis;

355 2411 384 2459 et
408 2410 516 2460 mortue
543 2405 654 2460 fuerunt
679 2423 795 2476 persone
820 2405 935 2474 infinite,
958 2423 987 2461 se
1032 2406 1193 2477 episeopus’
1218 2407 1311 2462 evasit.

355 2475 488 2531 Nuehird
509 2476 563 2530 fuit
580 2478 632 2531 sita
649 2477 678 2530 in
696 2482 799 2546 monte,
818 2481 846 2532 et
863 2477 917 2532 luit
935 2477 1004 2531 alius
1022 2494 1100 2531 mons
1119 2495 1153 2532 ex
1171 2479 1311 2548 opposito;

356 2552 384 2601 et
407 2547 546 2617 quoddam
571 2549 712 2603 castellum
737 2548 792 2602 luit
814 2549 897 2602 situm
921 2549 995 2602 inter
1018 2549 1086 2602 alios
1110 2549 1179 2602 duos
1197 2554 1311 2604 montes.

355 2618 400 2674 Ibi
422 2617 533 2674 fuerunt
550 2619 621 2674 bene
639 2620 780 2690 quingenti
804 2619 933 2689 hospites.
969 2619 1007 2674 Et
1024 2619 1195 2676 habebare-³
1212 2637 1312 2675 nomen

356 2689 512 2747 Serovallis.
548 2689 598 2745 Isti
621 2695 729 2746 montes
749 2695 883 2745 venerunt
900 2709 970 2745 unus
988 2695 1084 2745 contra
1102 2691 1186 2745 alium
1204 2695 1233 2745 et
1250 2709 1311 2746 coo-

355 2765 504 2830 peruerunt
522 2761 590 2815 illud
608 2763 759 2832 castellnm,
777 2761 851 2831 quod
870 2761 922 2815 suit
940 2761 968 2815 in
986 2761 1085 2830 medio,
1105 2779 1168 2816 cum
1186 2763 1311 2817 omnibus

355 2831 486 2901 personia,
511 2849 564 2902 que
589 2831 700 2887 fuerunt
723 2833 812 2902 intus3
837 2836 865 2887 et
887 2837 929 2886 est
945 2832 985 2887 ita
1001 2833 1123 2902 planum,
1141 2833 1217 2887 sicud
1234 2851 1312 2887 num·

355 2919 438 2972 quam
461 2903 574 2957 luerunt
596 2904 635 2958 ibi
659 2905 751 2973 aliqua
775 2903 889 2960 edificia
926 2903 964 2957 ut
986 2903 1059 2959 droa
1082 2905 1143 2959 illas
1161 2905 1228 2958 duas
1246 2905 1312 2959 oiri-

356 2978 426 3029 tates
444 2980 508 3028 aunt
526 2975 579 3028 alia
598 2976 718 3044 catella,
735 2976 764 3028 in
782 2974 880 3044 quibus
898 2973 932 3032 de
950 2974 1047 3030 eodem
1065 2980 1138 3031 terre
1156 2979 1234 3032 motu
1251 2994 1312 3046 per·

357 3046 447 3100 ierunt
465 3045 588 3100 bomine·
612 3045 701 3102 multi
737 3045 776 3100 Et
793 3045 910 3101 habetur
927 3047 956 3099 in
974 3046 1096 3116 partibus
1114 3047 1167 3102 illia
1185 3065 1236 3118 pro
1254 3066 1311 3102 ma·

356 3117 430 3170 ximo
448 3117 589 3174 miraculo.
616 3115 651 3170 ln
668 3116 758 3172 Roma
776 3117 938 3172 senserantf
952 3118 1108 3186 aliqualiter
1126 3117 1160 3171 de
1179 3119 1227 3172 illo
1239 3123 1312 3173 terre

355 3191 441 3253 motu,
467 3191 495 3241 et
519 3190 608 3257 papa⁴
627 3188 680 3242 fuit
704 3189 754 3242 illa
777 3188 845 3242 bora
869 3189 897 3242 in
923 3206 1024 3256 mensa,
1046 3194 1074 3243 et
1092 3189 1194 3258 tabula,
1212 3189 1241 3243 in
1259 3207 1312 3258 qua

356 3258 471 3325 cenavit,
497 3262 526 3312 et
548 3263 638 3312 totum
662 3260 798 3328 palacium
816 3260 978 3314 mirabiliter
995 3260 1164 3315 movebatur.
1200 3259 1239 3314 Et
1255 3277 1312 3314 cre-

355 3329 426 3384 datis
443 3346 494 3398 pro
512 3329 601 3398 firmo,
619 3331 694 3399 quod
712 3335 753 3385 est
770 3330 901 3384 iudicium
919 3331 970 3384 Dei
988 3331 1135 3387 occultum.

408 3401 509 3454 Deinde
525 3405 661 3470 emitur:
684 3413 767 3452 aanor
780 3413 808 3452 ιι
827 3410 900 3452 nam
918 3411 1149 3460 uouoncccxxw,
1170 3422 1184 3451 a
1202 3409 1403 3458 ustus-roncum,
1416 3411 1457 3452 vn.

355 3471 545 3522 000⁰le'110⁵‚
564 3485 622 3513 auno
637 3473 784 3514 CCLXXXW
798 3474 887 3523 imperil
901 3474 1042 3522 Asalrlorum,
1057 3477 1163 3522 regnanto
1178 3470 1237 3522 apud
1251 3473 1313 3513 Assi-

356 3526 401 3566 rlos
415 3537 466 3576 rege
480 3527 611 3578 cognomine
625 3528 718 3579 Heleon,
731 3525 792 3578 apud
806 3527 911 3568 Sitiouioa
925 3537 978 3568 vero
992 3526 1246 3576 mantulumarcbo
1260 3537 1313 3576 rege

356 3579 512 3619 Sitionloruml
525 3585 597 3628 sexto,
616 3585 715 3620 mortuus
729 3586 764 3622 eat
778 3581 891 3622 Abraham
909 3585 932 3620 et
946 3581 1045 3630 sepultus
1060 3585 1101 3620 eat
1115 3579 1178 3620 quta
1192 3579 1270 3620 Suram
1289 3581 1312 3620 lu

356 3632 462 3682 spelunca
475 3644 516 3672 sua
529 3633 635 3682 duplici
650 3635 676 3672 ln
691 3633 793 3674 Ebron.

159 3795 219 3840 roa)
232 3792 285 3832 laec
298 3795 317 3830 ct
336 3793 611 3836 u.1209-1211.om.d.'.
664 3795 687 3842 b)
701 3794 816 3844 aspirabat
829 3795 855 3837 li.
909 3793 1054 3842 c)Nutb1tc.
1074 3793 1125 3835 lul.
1179 3793 1202 3842 d)
1216 3793 1313 3832 Nuscblr

195 3857 213 3888 c.
227 3845 276 3884 ιλ.
324 3847 345 3892 e)
359 3845 473 3886 habebant
485 3858 501 3888 c.
555 3847 661 3894 statuerit
675 3859 692 3890 c.
745 3847 768 3898 g)
782 3847 818 3886 li⁰
833 3849 912 3891 addc.
966 3848 989 3894 b)
1003 3848 1063 3890 eice.
1118 3847 1272 3895 initiatorum
1286 3847 1312 3888 Ε.

198 4005 223 4072 1)
241 4005 431 4056 Αᾱιιοιαιίοιιιι
456 4005 492 4056 ad
515 4021 546 4058 ea
571 4021 638 4074 quae
658 4009 951 4063 α.1209-1215.ιω
969 4007 1040 4062 His.
1059 4005 1311 4061 Battara-som.

195 4081 303 4144 sumpta
320 4083 384 4128 aunt
402 4076 459 4128 mite
476 4078 513 4128 ad
531 4077 610 4132 Ormi.
622 4078 876 4131 Ranaardsmnn.
892 4096 920 4145 p·
934 4080 1097 4139 otc-588.
1157 4079 1186 4144 2)
1206 4077 1313 4146 Philip-

194 4163 248 4215 ραι
261 4147 405 4202 maora.
463 4149 491 4215 3)
507 4148 571 4202 Scit.
589 4149 724 4202 cucullum
737 4150 914 4218 waadiaum,
935 4153 1005 4202 inter
1022 4149 1089 4201 duos
1106 4155 1205 4202 monus
1221 4151 1312 4202 ιιιιιηι.

159 4234 186 4274 ιι
195 4219 224 4286 4)
250 4219 377 4271 Nicotaus
395 4218 449 4273 III.
538 4220 566 4287 5)
590 4219 707 4273 Numeri
730 4221 862 4284 differunt
886 4223 916 4272 in
936 4221 1036 4284 Golisr.
1056 4219 1153 4272 Viterb.
1175 4220 1312 4273 Pambeon

191 4295 273 4356 purte
291 4289 341 4355 IV,
361 4290 623 4356 Pretorius-struve,
642 4292 689 4346 SS.
703 4291 743 4358 II,
759 4309 788 4359 p.
802 4294 844 4346 72.
