3200 4844
251 415 432 471 Arsanus
451 416 478 473 S.
493 415 609 470 PETRI
627 413 1000 472 nRPHnsrUanNsns
1018 413 1201 469 Marones.
1254 417 1289 471 59

168 599 313 683 Bingen,
339 601 501 666 subverso
524 601 630 666 etiam
653 621 751 664 muro
774 599 1003 684 erphesfurm
1030 621 1050 663 a
1073 599 1256 683 Lrldewigo
1269 591 1283 634 ¹³
1298 576 1458 672 offisfsfimes,

168 689 373 772 provinciali
395 691 520 754 comite
531 689 550 728 ¹·
559 684 585 751 *.

275 775 469 841 MOLXVI.
550 778 730 843 (tristanus
790 777 969 861 episcopus
1030 776 1325 842 constituitote.

167 865 278 931 Cedes
300 866 408 932 Rome
418 867 440 929 ⁸.
850 905 852 909 -

136 973 149 1012 ⁵
275 955 490 1020 MOLXVII.
536 955 763 1021 Mediolanis⁰
791 955 1020 1020 reedificatur.

284 1127 314 1197 111)
330 1129 363 1182 F.
383 1129 406 1183 1.
425 1129 576 1195 ammana,
603 1129 824 1195 ‘chamaeacte
855 1127 1046 1181 Aramum
1071 1128 1180 1193 (Maiae
1206 1130 1288 1188 1819)

326 1198 1288 1338 &araurem

330 1341 1158 1408 adedit(excods'cceccheioscathedrulisMoguntlnuea.1792.
1168 1341 1288 1406 delam),

330 1415 564 1481 {monachatus
572 1413 632 1466 belli
637 1415 831 1478 narrationem,
843 1415 1026 1482 quaerepats'ta
1036 1418 1072 1464 cat
1081 1413 1156 1466 oFr.
1165 1412 1289 1475 Bdbmer,

330 1485 430 1538 Fontes
447 1485 498 1552 IV,
520 1503 550 1552 p.
563 1487 625 1540 364.
651 1492 675 1537 at
693 1485 909 1550 Βόὴηισν-Ψίἱὶ,
928 1485 992 1549 Reg.
1011 1484 1086 1539 ureb.
1106 1485 1228 1549 Maponi.
1249 1483 1287 1550 ΙΙ,

327 1573 357 1623 p.
369 1559 387 1612 8
399 1573 454 1624 sqq.
466 1557 573 1624 (XXX,
587 1573 630 1610 nr.
642 1559 700 1618 43).
729 1557 801 1621 Quae
813 1573 872 1608 cum
889 1559 1000 1622 antiquo
1012 1557 1085 1620 fonte
1096 1557 1150 1606 niti
1160 1556 1289 1618 adeatur,

331 1643 389 1680 scm
413 1628 461 1680 hoc
480 1629 535 1680 loco
552 1628 665 1680 adslidi:
696 1629 864 1696 quapropter
881 1625 1029 1696 lantgravii
1047 1625 1164 1694 predicti
1189 1625 1290 1678 milites

331 1715 394 1751 cum
413 1698 504 1752 valida
522 1715 605 1752 manu
624 1697 770 1768 Pinguiam
796 1700 824 1750 et
842 1696 994 1750 adiacentia
1013 1697 1082 1763 loca,
1107 1713 1160 1764 que
1183 1696 1217 1750 de
1242 1696 1289 1749 do·

331 1769 415 1822 minio
448 1772 526 1822 erant
551 1769 664 1823 ecclesie
689 1767 862 1838 Mogontine,
894 1767 984 1821 ademi
1015 1767 1088 1821 ferro
1120 1767 1290 1836 flammisque
1391 1761 1399 1778 '

331 1841 424 1893 omnia
449 1840 603 1906 devastant,
628 1844 784 1908 terramque
810 1838 971 1908 Ringauwie
996 1838 1133 1892 hostiliter
1158 1839 1290 1892 intrantes

331 1910 498 1966 Rudesbeim
518 1916 547 1966 et
564 1910 731 1980 Gysenheim
749 1928 812 1964 cnm
831 1910 932 1964 villulis
950 1909 1126 1964 circumcirca
1144 1909 1291 1964 furibunde

331 1989 421 2054 strage
434 1985 592 2050 multorum,
612 1983 659 2052 qui
677 1981 731 2036 sibi
741 1981 907 2049 restiterant,
926 1981 1048 2047 funditus
1061 1985 1195 2046 evertunt,
1213 1980 1290 2034 nullo

331 2055 474 2108 velserus
491 2055 537 2108 vel
556 2053 635 2108 etatis
654 2057 701 2106 aut
719 2053 859 2123 dignitatis
882 2051 975 2106 habito
995 2051 1164 2121 discrimina,
1190 2052 1219 2104 in
1238 2068 1291 2120 qua

332 2130 424 2195 strage
441 2142 493 2179 nec
507 2125 578 2199 locis
589 2123 790 2179 venerabilibus
809 2124 881 2177 ullus
899 2124 989 2176 honor
1006 2140 1058 2177 nee
1075 2123 1219 2176 hominum
1231 2123 1290 2176 Deo

332 2195 525 2250 famulantium
550 2196 702 2251 reverentie
726 2195 821 2249 habita
845 2195 904 2250 fuit.
948 2194 1066 2265 Insuper
1090 2199 1118 2248 et
1143 2195 1290 2248 claustrum

331 2285 433 2321 novum
453 2268 481 2321 in
500 2267 653 2336 biberbach,
678 2267 755 2320 cuius
772 2265 900 2320 monachi
917 2266 1041 2335 partibus
1059 2265 1212 2319 Alexandri
1229 2282 1290 2334 pre-

333 2338 398 2392 dicti
414 2337 538 2408 faventes
561 2338 696 2393 Friderici
713 2337 836 2392 facinora
859 2341 887 2391 et
911 2342 1043 2406 precepta
1063 2340 1291 2405 contempserant,

332 2409 434 2464 eisdem
453 2427 515 2464 cum
529 2410 645 2464 abbate⁴
664 2409 825 2479 profligatis,
844 2409 923 2462 cessit
935 2408 1126 2462 miserabiliter
1136 2407 1165 2460 in
1177 2406 1289 2476 predam

331 2481 450 2534 militum
475 2481 671 2550 predictorum,
696 2481 744 2549 qui
768 2480 873 2534 cunctis
897 2479 999 2534 ibidem
1027 2479 1141 2548 direptis
1167 2483 1195 2532 et
1219 2477 1292 2532 inter

332 2550 438 2606 semem¹
449 2551 543 2606 divisis
552 2551 665 2606 domum
678 2556 835 2606 sanctorum
844 2551 969 2606 fecerunt
977 2551 1134 2620 speluncam
1144 2549 1289 2604 latronum.
1300 2565 1352 2607 nuc.
1359 2565 1392 2614 ss,
1399 2563 1434 2603 aa.

333 2622 394 2694 Qua
411 2641 477 2678 vero
496 2627 525 2678 et
543 2623 634 2692 qualia
651 2627 718 2677 tuuc
736 2623 764 2676 in
783 2623 880 2677 eadem
897 2623 997 2678 vicinia
1009 2626 1167 2691 perpetrata
1179 2619 1290 2688 fuerint,

332 2695 440 2749 edicere
458 2695 572 2765 longum
600 2699 628 2748 et
646 2693 781 2748 tediosam
800 2693 879 2749 foret
916 2693 972 2748 Sed
991 2693 1072 2761 Deus,
1091 2693 1137 2762 qui
1156 2692 1208 2746 sibi
1227 2708 1290 2746 con-

332 2765 476 2819 fidentium
495 2765 579 2820 corda
595 2783 652 2819 non
670 2769 839 2834 aspernatur,
863 2765 976 2818 modum
999 2764 1051 2818 hiis
1068 2763 1291 2818 tribulationibus

370 2837 431 2892 suit.
474 2835 527 2891 Ele
547 2837 583 2890 sis
613 2837 685 2890 enim
717 2836 804 2890 tribus
835 2835 1012 2890 ebdomadae
1051 2835 1218 2890 habitatores
1255 2834 1291 2890 de

332 2855 449 2977 linguis
474 2912 502 2962 et
546 2908 670 2978 ingawia,
696 2907 846 2976 adsumptis
872 2911 899 2960 et
925 2906 1085 2961 coadunatis
1109 2908 1157 2975 qui
1181 2907 1232 2960 sibi
1257 2907 1292 2960 de

332 2984 406 3032 terre
429 2979 544 3048 palatini
568 2978 597 3032 in
623 2979 754 3032 auxilium
779 2983 912 3032 venerant
935 2996 1006 3048 pene
1038 2978 1291 3044 innumerabilibus,

332 3049 450 3119 predicti
467 3051 613 3121 lantgravii
630 3049 732 3104 milites
745 3049 883 3120 fugarunt,
902 3050 995 3104 multia
1014 3050 1109 3104 occisis
1128 3055 1156 3103 et
1167 3049 1291 3120 plurimis

334 3139 429 3176 eorum
448 3122 606 3191 captivatis,
633 3121 662 3175 in
687 3139 744 3190 qua
761 3119 828 3191 fuga
846 3139 931 3175 unum
950 3121 1023 3191 quod
1041 3121 1158 3192 contigit
1176 3121 1291 3190 dignum

333 3193 467 3246 memorie
484 3210 539 3247 uon
558 3197 669 3262 oportet
686 3193 812 3246 reticere.
842 3192 920 3248 Unus
938 3193 1011 3246 enim
1024 3191 1058 3246 de
1070 3192 1204 3246 militibus
1222 3191 1292 3245 eius-

333 3264 397 3318 dem
415 3264 562 3333 lantgravii
580 3268 631 3320 etc.
669 3265 742 3317 Nota
760 3281 820 3317 vero
838 3265 1027 3317 Bodmcnnum
1044 3267 1133 3316 virum
1154 3279 1208 3317 noa
1226 3265 1292 3316 inte-

331 3352 398 3402 gras
415 3337 479 3401 fidei
495 3353 575 3404 nequa
592 3337 656 3388 hoec
673 3353 691 3388 a
708 3339 857 3405 suspicions
875 3337 944 3401 falsi
960 3341 1062 3388 remota
1079 3352 1140 3391 esse.

168 3479 192 3530 a)
205 3477 328 3530 Erpheslr’
343 3479 367 3529 1;
389 3476 563 3530 arescemus,
584 3483 613 3522 et.
627 3478 729 3519 funditus
750 3489 813 3518 muro
831 3479 854 3518 ln
872 3477 942 3528 Erpb.
956 3488 970 3517 a
983 3474 1099 3517 Ludovlao
1116 3475 1215 3516 secundo
1235 3475 1292 3515 lant·

169 3535 258 3626 ffb,
274 3532 335 3582 quod
348 3537 484 3581 postremam
496 3532 629 3608 factumuest.
640 3542 701 3572 auao
715 3533 775 3574 1164„
788 3530 815 3572 bb
829 3541 856 3571 ee
865 3533 930 3574 cren.
940 3530 1110 3607 blasphemabar
1123 3530 1151 3578 er.
1160 3527 1292 3572 ’Μύσων’

134 3585 161 3624 so
170 3585 337 3680 dlofflepp,
347 3585 416 3690 ”'³i)
429 3586 497 3678 naid
511 3575 842 3688 panamepurpppghmm.
856 3585 953 3634 ludewig
966 3584 991 3635 s,
1006 3582 1096 3623 susurro
1109 3583 1142 3624 aa
1212 3581 1233 3633 c)
1246 3583 1293 3622 sse

172 3767 198 3832 1)
215 3763 293 3828 Qsccd
310 3764 366 3814 ium
384 3780 409 3817 a.
425 3764 503 3819 1164.
520 3763 625 3828 fuctum
642 3779 695 3816 esse
712 3764 798 3815 trudit
817 3763 896 3816 Orco,
909 3761 1113 3828 aestuamur,
1131 3761 1179 3816 SS.
1199 3759 1290 3822 XXX,

168 3853 196 3905 p.
209 3837 278 3903 5373
297 3835 343 3887 aad
360 3833 397 3886 od
413 3851 440 3887 c.
454 3835 531 3889 1165.
556 3834 604 3887 lma
621 3835 716 3888 babeat
734 3834 815 3887 Liber
831 3849 903 3887 moa,
922 3833 1038 3898 Morti.
1056 3835 1160 3899 (infra)
1177 3837 1201 3885 et
1219 3834 1290 3885 Ana.

144 3950 148 3956 .
177 3907 307 3960 Wcrmct.
328 3905 377 3969 br,
390 3906 437 3959 SS.
451 3904 546 3970 XVII,
562 3923 591 3974 p.
602 3908 646 3970 74,
665 3921 698 3957 aa
716 3904 862 3958 annalibus
880 3904 1154 3972 Esphesfurteoas'bus
1172 3903 1291 3956 brembm

134 3977 325 4044 ssdeperds'ts's.
363 3976 405 4042 Of.
424 3976 467 4029 (Ν.
486 3976 596 4029 Archio'
613 3976 695 4042 XXI,
711 3993 742 4045 p.
754 3978 807 4033 510
824 3993 879 4044 sqq·
944 3977 988 4047 ·2)
1006 3975 1067 4026 Iam
1085 3991 1110 4029 a.
1125 3977 1202 4031 1165.
1221 3975 1291 4040 Sept.

172 4047 223 4100 Sed
240 4051 322 4100 etiam
335 4047 414 4102 Groa.
427 4047 456 4102 S.
468 4046 546 4099 Petra·
562 4048 629 4102 mod.
643 4047 690 4100 laec
708 4049 745 4100 ad
756 4065 783 4100 a.
798 4049 873 4104 1166.
893 4047 976 4101 teba.
1049 4047 1077 4113 3)
1091 4046 1164 4109 stoe
1175 4063 1201 4101 u.
1213 4048 1291 4102 1167.

171 4119 248 4184 sueto
264 4126 321 4184 σείς
337 4120 384 4172 ssd
401 4121 481 4171 etiam
500 4117 580 4173 Grosa
599 4119 627 4173 S.
640 4117 716 4171 Patra·
732 4119 801 4174 mod.
826 4133 884 4172 som
901 4117 938 4170 od
954 4135 980 4171 c.
995 4119 1073 4172 1166.
1092 4123 1200 4182 meret,
1225 4133 1293 4185 puae

171 4197 195 4241 ct
219 4191 251 4244 dc
275 4192 380 4243 dadau
398 4189 592 4242 Mediolanensi
614 4190 786 4255 reaedificato
808 4190 880 4255 falso
904 4188 953 4240 sub
978 4205 1002 4243 a.
1018 4190 1095 4244 1166.
1121 4191 1213 4254 refert.
1250 4190 1291 4254 Of.

174 4261 217 4316 ⁴N.
234 4261 345 4314 Ανώίν*
363 4261 446 4327 XXI,
465 4277 496 4328 p.
509 4263 570 4317 709.
641 4261 670 4330 4)
689 4262 857 4315 Eberhardo.
895 4260 938 4324 Cf,
957 4275 1024 4328 grece
1042 4275 1060 4311 u
1078 4260 1290 4328 Bomos-Will,

137 4333 331 4456 comeret.
352 4333 426 4400 Mag.
445 4332 485 4399 ΙΙ,
500 4351 530 4402 p.
544 4333 569 4399 9,
589 4349 632 4387 ar.
651 4335 695 4390 lc.
714 4349 747 4386 aa·
772 4332 888 4386 limosa
913 4333 1099 4397 munuscrspta
1118 4332 1295 4384 Eberbcceuss'

277 4409 348 4458 sunt.
