3186 4844
242 339 421 396 Anneius
439 339 630 396 ERPHORD.
649 339 841 396 FRATRUM
859 339 1199 397 PRAEDIOATORUM.
1246 344 1281 398 95

168 524 313 608 corporis
330 524 480 600 Domini,
505 533 545 586 ut
567 523 704 600 dicitur,
729 523 766 586 in
789 523 1025 607 pavimentum
1048 525 1193 608 dispersi
1215 545 1279 589 nec
1291 540 1369 596 1238.

166 633 232 678 non
255 614 359 678 etiam
384 613 605 678 ecclesiarum
628 612 790 689 incendii,
822 617 922 676 tactam
950 611 1055 676 dolore
1075 610 1397 693 intrinsecacacu

166 723 204 767 ac
232 723 335 786 super
365 702 418 765 his
449 701 636 766 Dominum
671 701 809 786 placare
839 702 1015 784 cogitavit.
1061 700 1281 786 Quapropter

165 811 288 873 magna
311 791 490 856 hominum
516 790 741 854 multitudine
764 790 801 853 in
824 791 916 854 festo
935 790 1169 874 apostolorum
1185 791 1280 855 Petri
1290 814 1378 858 ruens.

144 883 198 946 set
213 880 315 944 Pauli
337 880 376 943 in
391 879 547 963 predicta
570 879 711 944 civitate
729 883 946 964 congregata,
971 879 1084 944 dictus
1101 878 1279 944 Conradus

164 989 240 1033 cum
271 969 348 1033 aliis
380 968 514 1032 duobus
544 968 597 1032 sui
628 968 758 1032 ordinis
786 968 1018 1033 confratribus
1048 969 1086 1032 in
1109 969 1184 1033 loco
1208 991 1280 1053 pre-

164 1059 346 1122 dicationis
370 1077 405 1122 se
429 1078 556 1122 exuens
580 1077 620 1121 ac
642 1056 825 1122 vilissimos
848 1077 964 1121 saccos
987 1059 1079 1122 circa
1100 1058 1281 1122 femoralia

164 1147 229 1211 sibi
252 1147 480 1224 circumdans,
505 1167 547 1210 ex
569 1166 628 1211 ore
652 1146 876 1230 predicatoris
905 1146 948 1210 ab
973 1146 1131 1210 omnibus
1154 1147 1191 1209 in
1214 1147 1280 1211 hoc

163 1235 237 1300 loco
261 1257 324 1320 per
347 1256 425 1301 eum
449 1235 529 1300 lesis
544 1235 680 1300 veniam
704 1235 838 1318 petivit.
874 1235 958 1299 Post
981 1236 1044 1299 hec
1068 1239 1186 1299 autem
1209 1255 1280 1319 pre

131 1323 227 1388 niati
250 1324 403 1390 tresviri
426 1324 559 1389 nobiles
582 1323 669 1388 nudi
690 1324 728 1387 in
752 1324 967 1408 processione
989 1323 1198 1400 incedentes,
1222 1325 1280 1388 tri·

163 1413 225 1478 bus
248 1413 487 1478 sacerdotibus
510 1434 589 1477 cum
617 1413 729 1497 scopis
758 1413 850 1497 ipsos
878 1413 1101 1495 sequentibus
1124 1416 1160 1478 et
1183 1414 1280 1478 disci·

161 1502 342 1586 plinaliter
363 1502 625 1585 corrigentibus,
651 1503 897 1566 monasterium
911 1521 1020 1584 usque
1039 1504 1279 1585 pervenerunt,

161 1592 279 1676 ibique
313 1591 582 1656 misericordiam
617 1591 770 1655 divinam
803 1590 984 1654 humiliter
1018 1612 1096 1656 oum
1130 1591 1280 1655 lacrimis

161 1684 358 1756 exorantes,
389 1680 499 1745 frater
529 1679 710 1745 Ounradus
740 1700 803 1764 pro
833 1701 932 1764 posse
963 1701 1105 1744 munera
1135 1680 1280 1744 devotus

129 1788 153 1828 rs
161 1770 306 1844 obtulit,
343 1769 428 1833 aliae
465 1769 627 1834 ecclesias
658 1768 816 1834 incensas
851 1770 971 1834 eodem
1005 1770 1107 1833 modo
1137 1769 1283 1833 visitans

161 1857 317 1923 honestis
333 1858 535 1922 muneribus
551 1857 768 1934 honoravit1;
793 1857 909 1941 sicque
925 1861 1138 1923 revertentes
1154 1859 1197 1922 ad
1215 1860 1280 1922 sta-

160 1948 303 2024 tionem,
327 1947 364 2009 in
387 1947 495 2031 ipsius
518 1947 637 2011 fratris
656 1945 810 2011 Ounradi
833 1967 974 2030 corpore
997 1968 1068 2011 non
1090 1947 1188 2030 signa
1210 1969 1280 2013 ver-

160 2037 285 2102 berum
305 2036 532 2113 sacerdotum,
557 2037 617 2100 sed
634 2035 831 2100 carnificum
856 2039 1132 2120 comparuerunt.
1168 2035 1279 2115 Quan-

160 2129 235 2188 tum
259 2131 377 2189 autem
403 2125 621 2189 lacrimarum
644 2125 720 2208 ipso
736 2124 792 2189 die
814 2125 945 2189 ibidem
969 2146 990 2188 a
1011 2124 1140 2210 populo
1162 2126 1280 2190 iusum

125 2215 214 2291 rosit,
240 2213 337 2279 solus
359 2213 420 2278 ille
442 2213 540 2277 novit
563 2213 622 2296 qui
645 2213 750 2278 corda
772 2215 1001 2278 contritorum
1024 2214 1203 2298 ponderat.

267 2302 369 2368 Ηοο*ι
389 2323 480 2366 anno
496 2301 612 2366 XVII.
629 2301 709 2366 Kal.
726 2302 927 2368 Decembris
943 2302 1170 2387 Maguntinus
1189 2303 1279 2366 dam·
1290 2326 1346 2367 rra.
1355 2325 1390 2367 1⁵.

159 2414 243 2456 num
266 2392 343 2456 fere
366 2391 633 2476 irrecuperabile
657 2395 693 2457 et
715 2392 883 2456 iacturam
903 2392 1138 2476 gravissimam
1155 2392 1280 2476 episco-

158 2485 262 2566 patus
295 2481 333 2544 in
360 2481 463 2544 castri
487 2473 697 2545 Rustebercb
725 2480 907 2546 amissione
937 2481 1061 2545 fuisset
1090 2501 1219 2563 pessus,
1251 2482 1280 2544 si

158 2571 288 2636 merita
318 2569 413 2635 beati
442 2569 586 2632 Martini
615 2591 686 2635 non
715 2570 993 2634 intervenissent.
1039 2569 1130 2633 Nam
1157 2569 1280 2633 Henri·

123 2664 238 2724 acus⁰
277 2659 473 2744 prepositus
507 2653 857 2743 Heiligenstatensis‘¹
891 2660 1118 2742 congregata⁰
1153 2657 1280 2722 militia

157 2740 399 2832 Hlenrieumlf
425 2747 585 2812 comitem
611 2749 653 2813 de
677 2747 871 2824 Glichenss,
892 2747 977 2812 dicti
1007 2747 1111 2812 castri
1141 2747 1280 2812 fraudu·

157 2835 297 2902 lentum
321 2836 522 2914 invasorem,
546 2836 687 2902 favente
703 2837 821 2900 divina
835 2836 949 2920 gratia
965 2837 1057 2919 cepit
1072 2856 1112 2900 ac
1129 2839 1279 2900 castrum

156 2945 371 3011 recuperans
394 2925 542 2990 eundem
564 2924 601 2988 in
625 2926 744 2990 eodem
767 2925 914 2990 vinculis
936 2925 1067 2990 iniecit.

267 3013 349 3078 Hoc
373 3034 463 3079 anno
485 3015 524 3077 in
542 3015 742 3099 episcopatu
758 3006 1067 3098 Meydeburgensih
1087 3007 1195 3098 quodi
1220 3035 1281 3098 per

123 3095 324 3169 walberti*
350 3104 517 3186 prepositi
546 3103 823 3169 interfectionem
853 3103 943 3168 male
973 3104 1178 3168 seminatum
1209 3103 1281 3168 iue-

157 3194 236 3258 rat²
261 3193 352 3256 adeo
374 3192 519 3275 pessime
546 3192 741 3276 pullulavit,
766 3195 807 3255 ut
830 3193 920 3256 cives
943 3185 1277 3276 Meydeburgenses1¹

158 3281 323 3366 pontifici
353 3300 393 3344 ac
424 3281 562 3345 domino
597 3282 682 3345 suo³
710 3301 746 3346 se
777 3283 1027 3346 contumaciter
1056 3282 1278 3364 opponerent,

80 3391 109 3446 a.
118 3395 149 3437 u.
157 3371 277 3456 ipsum
308 3369 412 3432 armis
436 3370 570 3435 bellicis
598 3371 844 3454 impugnando.
889 3370 963 3436 Nec
987 3371 1051 3434 hac
1077 3368 1281 3454 'pertinacia

158 3458 332 3535 contenti,
356 3477 475 3524 omnes
500 3459 678 3542 religiosos
708 3479 748 3523 ac
778 3459 928 3530 clericos,
959 3457 1145 3522 nonnullos
1175 3458 1281 3521 etiam

124 3567 334 3634 upanperes
356 3546 400 3610 ab
423 3548 508 3613 urbe
532 3546 772 3631 propellentes,
802 3549 889 3612 iram
913 3547 1039 3610 summi
1067 3547 1191 3610 iudicis
1215 3546 1281 3610 sibi

157 3638 303 3722 gravirm
327 3637 649 3714 accumulaverunt;
674 3637 764 3701 hanc
779 3640 897 3701 tamen
913 3637 1034 3701 eodem
1055 3656 1146 3700 anno
1162 3639 1279 3700 contu·

156 3843 762 3896 albaco-l.28.botd2p.dt9,ubissodema
827 3843 1040 3894 blkustenbsroi.
1108 3845 1282 3898 c)rlcih.l.,·

157 3901 239 3944 Heinr.
252 3902 273 3943 1.
342 3897 366 3950 d)
380 3899 594 3952 fleulgcnrndemn
609 3901 627 3942 1.
690 3897 712 3950 o)
725 3909 798 3948 coum.
812 3897 857 3940 mil.
872 3910 913 3942 om.
927 3902 946 3942 1.
1013 3901 1073 3950 oli.
1086 3901 1111 3951 ὴ
1126 3901 1247 3941 Henrlcum
1262 3902 1280 3944 1.

157 3957 180 4004 ς)
193 3953 304 4006 Glycben
318 3955 338 3996 1.
391 3951 416 4002 b)
429 3952 589 4004 Meydenburg.
603 3953 623 3995 1.
684 3951 701 4003 l)
714 3953 785 4002 suppl.
798 3953 874 4002 Pom
892 3964 933 3997 om.
947 3955 966 3998 1.
1026 3953 1050 4005 k)
1064 3955 1113 3994 tute
1128 3955 1173 3994 voci
1185 3955 1281 4006 oportum

122 4011 252 4052 mmmm
267 4007 309 4049 rel.
322 4008 343 4056 1,
356 4016 422 4056 quum
434 4007 505 4056 suppl.
518 4005 632 4050 Bocbmr.

158 4187 185 4248 1)
206 4185 253 4250 Of.
267 4183 339 4248 Sifr.
352 4184 384 4236 de
396 4183 551 4236 Balntusin
568 4199 590 4240 c.
604 4187 664 4252 199,
684 4183 731 4238 δ’δ’.
745 4183 838 4250 XXV,
854 4201 883 4252 p.
897 4187 966 4247 703,·
985 4185 1065 4240 Cron.
1085 4184 1281 4237 Reinbardsbr.

158 4272 190 4377 p
204 4257 288 4378 132,
307 4255 356 4308 ss
375 4255 469 4322 xxx,
488 4271 517 4322 p.
531 4256 591 4311 614„
663 4258 691 4324 a)
710 4255 803 4324 cum
821 4271 845 4309 a.
864 4257 942 4324 ress,
961 4275 988 4325 p.
1008 4258 1042 4313 ee
1054 4273 1092 4324 sq.
1165 4257 1193 4324 a)
1216 4257 1282 4308 uc

191 4343 208 4378 a
268 4368 275 4380 .
