3266 4852
621 332 788 390 ORONIGA
806 333 941 390 MINOR.
1288 337 1342 392 505

225 517 401 582 dicatornm
416 516 640 599 Erpbordensi
662 517 798 598 scriptas
820 516 928 596 faerit.
964 517 1009 582 In
1032 537 1066 582 eo
1089 516 1174 582 enirn
1197 515 1341 582 additam

225 611 295 671 arat
322 627 353 669 a.
373 611 467 669 1228.
497 606 619 685 fratres
648 605 890 671 Praedicatores
918 605 1138 687 Erpbordiarn
1166 605 1339 686 advenisse,

223 695 307 776 qnod
334 694 429 759 etiam
458 694 496 758 in
523 694 707 760 Annalibus
739 716 845 760 eornm
874 715 974 776 snpra
997 717 1032 776 p.
1057 700 1108 758 81.
1140 693 1258 760 dictam
1286 700 1339 774 est,

225 789 335 848 eontra
365 782 513 847 omissam
546 785 630 864 qnod
661 782 698 847 in
733 783 827 848 Oron.
857 783 989 848 Minore
1023 783 1171 864 traditur,
1206 784 1341 863 fratrem

197 873 380 953 canendam
402 871 526 936 ordinis
548 871 812 936 Praedicatornrn
832 873 1089 954 Erpbordensem
1111 895 1141 937 a.
1163 877 1256 936 1262.
1280 872 1341 951 fnl-

223 960 308 1024 nine
336 959 432 1025 ictam
461 961 567 1040 esse¹,·
596 960 713 1025 omissa
739 967 813 1025 snnt
834 961 929 1025 etiarn
952 961 1108 1042 qnaedam
1131 962 1176 1026 ad
1198 959 1341 1024 ordinem

224 1049 392 1113 Minornm
414 1048 598 1130 spectantia.
638 1049 741 1130 Atque
755 1049 852 1129 facilc
870 1049 945 1129 fieri
962 1048 1074 1131 potnit,
1098 1055 1134 1114 nt
1147 1049 1185 1114 in
1200 1049 1257 1114 boc
1272 1069 1340 1113 con-

223 1143 317 1202 venta
339 1137 418 1202 liber
433 1137 627 1203 recensionis
640 1137 675 1202 B
697 1159 735 1202 erc
749 1145 867 1219 qnarta
882 1138 1061 1203 recensione
1076 1138 1217 1218 fratram
1233 1137 1340 1202 Mino

223 1247 294 1290 ram
317 1227 592 1308 Erptoordensinnt
622 1234 798 1308 anperetnr,
828 1234 864 1292 nt
892 1227 1052 1308 exemplar
1073 1226 1168 1291 baias
1198 1225 1274 1290 libri
1303 1225 1341 1291 in

188 1341 214 1380 ιο
223 1321 404 1380 conventam
427 1316 583 1396 qnondam
600 1316 765 1380 Sneoicnm
780 1315 906 1380 ordinis
921 1315 1184 1382 Praedicatornm
1199 1315 1340 1395 Erpbor·

223 1404 279 1468 dia
301 1410 526 1485 asportaretur.
568 1403 646 1469 Onm
666 1403 870 1470 Gontinnatio
886 1405 1059 1470 canmnnis
1081 1403 1221 1469 codionm
1241 1399 1335 1487 Ba).

224 1499 253 1556 5.
270 1499 325 1556 5⁰.
349 1493 384 1557 D
406 1514 504 1574 mane
526 1493 570 1556 ad
591 1515 621 1556 a.
643 1499 735 1558 1274.
753 1495 912 1574 modicata
934 1493 984 1574 sit,
1009 1513 1115 1557 emam
1138 1493 1340 1575 archetypam

222 1581 278 1647 boc
300 1602 387 1646 anno
410 1581 559 1663 scriptam
581 1581 681 1661 fnisse
703 1588 844 1664 apparet.
884 1581 979 1647 libri
998 1581 1094 1646 baias
1116 1581 1227 1646 classis
1248 1588 1339 1646 sant:

327 1669 361 1734 B
378 1665 408 1754 4)
437 1669 541 1735 Oodea
564 1669 892 1736 Vindobonensio
915 1670 988 1736 bibl.
1013 1670 1183 1752 palatinae
1206 1691 1256 1734 nr.
1275 1676 1338 1734 364

188 1756 325 1836 1⁶(Hist.
345 1759 433 1840 prof.
452 1759 520 1840 72),
544 1761 670 1823 nnmbr.
695 1760 762 1840 fol,
786 1759 861 1823 olim
884 1761 988 1825 Liber
1012 1761 1044 1824 S.
1062 1761 1171 1824 Mario
1193 1762 1278 1844 virg.
1302 1761 1340 1823 in

222 1849 255 1911 N
257 1849 442 1930 ewnburga
458 1848 636 1913 claustrali
648 1850 668 1928 ²,
692 1854 831 1913 eatrema
845 1855 940 1930 porte
963 1849 988 1928 f.
1007 1853 1196 1912 201—213.
1216 1844 1258 1928 (p.
1274 1853 1337 1911 423

222 1939 354 2019 -448)
389 1936 557 2001 Oronicam
584 1936 749 2001 Minorem
777 1959 877 2002 mann
906 1958 985 2002 saec.
1005 1936 1107 2002 XIV.
1131 1937 1178 2000 in.
1206 1937 1339 2017 pnlcbre

222 2032 251 2090 et
266 2032 397 2106 perarte
420 2024 456 2090 in
479 2025 581 2107 lonpis
604 2025 705 2106 lineis,
730 2027 785 2090 sed
803 2026 983 2090 ntendosins
997 2026 1149 2107 scriptam
1172 2025 1337 2105 corotinetss,

222 2135 302 2195 qnae
335 2114 372 2178 in
401 2114 458 2178 boc
487 2114 567 2178 libro
596 2113 663 2179 iarn
694 2114 813 2179 desinit
840 2114 878 2179 in
907 2136 937 2178 a.
966 2120 1059 2178 1256.
1091 2113 1194 2179 verbis
1224 2121 1339 2199 partes

186 2203 495 2270 roOhristianorum
530 2203 624 2267 ultra
658 2225 760 2281 mare,
792 2205 847 2268 sed
874 2223 1006 2284 seanens
1034 2203 1148 2283 foliam
1181 2203 1249 2268 iam
1282 2202 1340 2267 din

222 2291 380 2356 abscisam
401 2327 446 2335 —
468 2313 544 2356 nam
567 2299 706 2356 eatrema
728 2293 856 2374 popina
879 2291 1004 2373 codicis,
1035 2299 1070 2356 nt
1091 2313 1177 2357 nnnc
1199 2298 1251 2373 est,
1278 2312 1340 2372 per

222 2379 382 2445 dintinnrn
404 2386 523 2460 ternpus
546 2380 751 2462 tepnntentis4
774 2402 838 2446 non
861 2379 1014 2463 compacti
1035 2381 1126 2445 oalde
1149 2383 1271 2446 detersa
1294 2387 1339 2445 est

223 2503 266 2512 -
300 2469 401 2534 codici
437 2469 743 2534 Vindobonensi
777 2469 913 2534 ansden
952 2469 1153 2534 bibliothecae
1190 2490 1241 2534 nr.
1273 2475 1336 2533 373

223 2556 327 2636 (Hist.
345 2557 433 2638 prof.
459 2559 517 2640 83)
541 2557 703 2622 insntnm⁵
725 2557 794 2622 eins
815 2559 841 2638 f.
859 2563 889 2621 8.
913 2564 966 2638 est,
997 2557 1088 2622 odins
1104 2557 1230 2639 popina
1252 2564 1338 2621 recta

185 2653 396 2728 assequentem
418 2653 545 2728 partem
571 2646 727 2711 Oronicae
749 2646 895 2711 Minoris
923 2646 1067 2727 continet,
1098 2649 1153 2710 sed
1173 2648 1250 2711 baec
1272 2645 1338 2710 iam

222 2735 339 2799 desinit
360 2735 398 2800 in
421 2741 559 2799 ectrema
582 2735 669 2800 linea
691 2735 786 2800 linias
801 2735 874 2815 folii
896 2735 934 2800 in
956 2757 986 2799 a.
1007 2740 1101 2798 1264.
1124 2734 1227 2800 corbis
1242 2736 1337 2801 mise·

222 2824 378 2889 rabiliter
401 2825 670 2890 submerserunt.
707 2825 817 2905 Neane
839 2831 944 2889 nonen
967 2822 1109 2889 dnbitari
1125 2829 1235 2906 potest,
1259 2822 1338 2904 qnia

221 2912 346 2994 reliqna
374 2934 439 2978 non
468 2914 576 2993 saltim,
607 2915 663 2977 sed
691 2919 720 2977 et
754 2912 957 2978 Continnatio
985 2912 1059 2992 III,
1094 2933 1191 2993 anain
1220 2911 1339 2976 codices

221 3000 255 3064 B
271 3007 301 3064 5.
318 3007 373 3064 5⁸.
396 3001 431 3067 D
454 3003 618 3084 praebent,
648 3001 686 3066 in
715 3002 881 3084 arcbetppo
908 3001 1003 3065 lonins
1029 3000 1145 3066 codicis
1167 3000 1335 3066 extiterint.

186 3115 213 3156 so
222 3089 288 3154 Pro
311 3090 362 3154 lois
384 3112 457 3155 aero
479 3091 560 3155 alter
574 3090 681 3156 scriba
695 3089 881 3156 monasterii
897 3089 1136 3172 Nenbnrpensis
1157 3089 1195 3154 in
1210 3089 1338 3172 popina

221 3199 311 3243 oerso
341 3179 471 3244 initiam
500 3179 667 3244 Historiae
697 3200 857 3244 annornm
889 3179 1140 3243 last—law
1168 3199 1265 3260 rosano
1295 3179 1339 3243 ad

223 3389 250 3455 1)
267 3387 309 3440 Ne
333 3390 394 3456 anic
417 3389 530 3440 aedan
555 3389 602 3440 noc
626 3389 719 3440 divina
743 3388 841 3440 aaron
866 3389 968 3452 factam
992 3403 1053 3441 esse.
1124 3390 1153 3454 2)
1174 3389 1215 3439 De
1232 3403 1284 3453 qno
1302 3387 1336 3452 cf.

223 3459 345 3512 ‘Arabio’
355 3459 391 3524 X,
406 3475 435 3526 p.
445 3461 496 3514 461
505 3475 578 3526 ⁸66?
596 3459 643 3513 SS.
657 3460 708 3526 IX,
725 3477 752 3528 p.
763 3462 824 3515 484.
834 3461 902 3526 6063
924 3459 987 3513 Tab.
1000 3459 1072 3512 codd.
1086 3458 1337 3513 manuscr.Vindob.

221 3531 245 3594 I,
266 3546 295 3596 p.
316 3532 359 3586 56.
450 3531 478 3596 3)
500 3531 646 3596 Attonitas
670 3533 701 3582 in
722 3531 770 3582 boc
793 3531 863 3582 libro
881 3529 1004 3582 rubricae
1028 3531 1236 3582 narrationibus
1255 3545 1338 3596 proe-

186 3603 336 3668 ascriptae
354 3608 426 3667 sunt,
445 3607 475 3652 at
493 3599 567 3653 Nota
585 3599 619 3653 de
638 3601 767 3656 conciliis.
795 3601 909 3654 Diversa
927 3599 1042 3656 hereses.
1070 3599 1112 3652 De
1130 3599 1336 3668 papamuliere,

220 3669 263 3724 De
281 3669 366 3725 calice
384 3679 439 3736 eta,
457 3689 525 3740 quas
542 3674 572 3723 in
589 3680 728 3740 apparata
746 3674 837 3725 critico
854 3689 907 3725 non
925 3673 1060 3725 adnotari.
1115 3674 1142 3739 4)
1168 3673 1337 3737 Tepumenta,

221 3743 316 3810 qnibm
335 3743 402 3796 liber
419 3759 491 3794 nnnc
508 3751 658 3810 compactus
676 3749 721 3809 est,
738 3749 802 3795 sunt
820 3745 888 3795 anni
906 3746 983 3799 1669.
1055 3744 1086 3804 b)
1106 3743 1181 3805 Quod
1197 3759 1256 3794 cnm
1275 3743 1338 3794 olim

221 3817 391 3878 coniecissem,
405 3830 477 3866 nnna
490 3815 607 3866 Lecbner
618 3817 706 3866 sonas
717 3823 805 3868 nasta
817 3817 931 3882 inspecto
940 3821 1050 3881 atroque
1061 3815 1145 3866 codice
1161 3814 1336 3880 confirmarit,

220 3888 269 3953 qni
292 3886 362 3937 milti
379 3887 538 3953 perscripsit
559 3885 607 3938 boc
628 3886 723 3949 folium
745 3887 853 3937 minime
873 3887 957 3950 fnisse
981 3892 1127 3937 extremam
1143 3886 1336 3951 quaternionis,

184 3963 249 4011 nont
272 3957 312 4012 W.
331 3957 509 4020 Wattenboclt,
536 3957 657 4008 ‘Arabio'
676 3957 713 4018 X,
736 3975 763 4025 p.
783 3959 845 4020 464,
872 3957 953 4020 diatt,
977 3958 1023 4008 sod
1047 3957 1178 4020 solimam
1205 3959 1246 4020 13,
1271 3971 1338 4022 qnae

221 4031 251 4080 in
277 4028 331 4082 cod.
351 4031 412 4082 364.
434 4027 574 4080 &onnam
599 4027 733 4080 Minorem
758 4030 899 4093 continent,
923 4029 1057 4080 daodnim
1080 4029 1178 4094 priora
1203 4032 1265 4078 sunl
1289 4043 1338 4078 sea

220 4100 289 4163 solio
314 4099 441 4167 duplicia,
468 4099 644 4165 cohaerentia,
673 4098 771 4162 folium
797 4100 838 4154 13.
866 4106 1021 4166 separatam
1045 4104 1090 4163 est,
1116 4100 1162 4149 cni
1187 4097 1337 4150 dmum

220 4170 319 4235 folium
331 4171 357 4224 8.
370 4171 466 4221 codtois
477 4173 539 4234 373,
555 4170 625 4236 qnod
636 4169 726 4222 itidem
737 4175 892 4236 separatam
904 4171 965 4234 fnit.
991 4169 1025 4221 In
1033 4171 1140 4236 popina
1151 4185 1227 4221 versa
1240 4169 1303 4232 folii
1311 4171 1336 4224 8.

220 4241 268 4292 snb
275 4248 349 4294 tenta
356 4242 461 4308 quiam
467 4239 539 4294 XXI
549 4242 613 4306 (non
619 4239 730 4310 XXIV)
741 4257 824 4292 mann
832 4242 934 4293 scribae
942 4241 1025 4292 huius
1031 4241 1149 4306 popinae
1155 4243 1283 4308 scriptum
1291 4246 1335 4305 est,

183 4326 211 4366 ss
220 4314 289 4380 prod
301 4313 426 4380 anamodo
437 4313 624 4381 applicandum
636 4314 679 4378 sit,
698 4327 753 4364 nort
762 4317 844 4380 patet.
912 4312 938 4380 6)
957 4312 1004 4367 SS.
1014 4311 1067 4378 IX,
1079 4328 1106 4380 p.
1117 4313 1169 4366 649
1176 4327 1231 4378 sqq.
1245 4312 1336 4365 aaa.
