3222 4850
313 385 367 439 222
456 379 623 437 unomen
635 381 664 438 S.
674 379 790 437 PETRI
802 379 1064 438 ausonensem
1077 379 1166 438 MOD.
1185 381 1221 437 Δ.
1235 383 1312 438 1219.

183 546 419 657 omlfflgmdacti
445 564 509 613 sunt
535 557 563 612 in
590 575 702 613 acervos
729 559 852 642 lapidum
878 562 971 629 preter
998 560 1131 642 templum
1149 557 1260 612 Domini
1278 561 1306 611 et
1332 557 1430 612 turrim

313 629 414 770 itti
432 629 1007 771 enumeremus
1022 627 1434 770 ttltttpltlt'lttttz

315 772 368 827 loci
385 771 579 827 reverenciam.
616 771 693 825 Sicut
712 773 784 826 enim
803 773 832 825 in
850 773 990 827 Alcorauo
1009 771 1080 827 libro
1099 772 1168 842 legis
1185 788 1281 826 eorum
1299 771 1432 840 scriptum

313 844 424 912 habent,
442 841 534 897 Iesum
552 841 689 896 Christum
708 842 850 896 dominum
875 847 998 897 nostrum
1024 843 1139 898 credunt
1163 841 1199 897 da
1216 841 1307 896 Maria
1324 841 1456 910 virgineo

314 918 477 984 conceptum
500 918 528 968 et
551 918 656 982 natum,
681 931 762 982 quem
787 914 844 967 sine
869 919 982 997 peccato
1002 914 1107 997 vixisse,
1132 913 1295 984 prophetam
1312 916 1342 968 et
1358 913 1433 982 plus-

313 984 1114 1125 ttffiot‘ltliitatffitllteiil'pffltffl
1132 983 1433 1124 tristantes

313 1128 405 1180 vivum
432 1127 467 1181 ad
494 1128 566 1182 celos
593 1127 743 1181 ascendisse
769 1144 825 1180 non
851 1125 1016 1183 discredunt.
1052 1126 1142 1195 Unde,
1169 1125 1279 1195 quando
1306 1129 1432 1194 tempore

313 1204 472 1268 treugarum
496 1197 632 1267 sapientes
655 1215 762 1251 eorum
780 1197 969 1253 ierosolimam
994 1197 1185 1264 ascendebant,
1211 1196 1318 1250 codices
1342 1211 1473 1250 ewen-ro

313 1269 449 1340 galiorum
467 1268 518 1322 sibi
536 1269 712 1338 postulabant
731 1269 855 1323 exhiberi
876 1273 904 1323 et
922 1269 1115 1323 osculabantur
1132 1271 1245 1338 propter
1263 1267 1431 1322 mundiciam

312 1341 390 1410 legis,
418 1357 500 1409 quam
520 1338 643 1394 Christus
670 1340 772 1408 docuit,
800 1343 828 1394 et
854 1339 974 1395 maxime
999 1344 1113 1409 propter
1140 1338 1320 1410 ewangelium
1339 1338 1430 1392 Luca:

314 1414 414 1466 Messe
425 1419 463 1466 est
476 1411 595 1476 dalmi,
613 1410 688 1480 quod
706 1411 808 1465 literati
826 1427 905 1465 eoru
913 1428 941 1464 m
959 1411 1049 1479 sepius
1061 1415 1189 1479 repetunt
1208 1414 1236 1464 et
1246 1408 1431 1464 retractanti).

313 1483 434 1554 Legem
459 1486 551 1537 autem
576 1498 680 1550 sonim,
705 1482 815 1537 diabolo
834 1481 962 1551 dictante,
981 1481 1132 1534 ministerio
1150 1480 1240 1551 Sergii
1257 1481 1385 1536 monachi
1403 1485 1432 1534 et

313 1558 437 1623 apostate
465 1570 497 1606 ac
523 1553 637 1608 heretici
654 1552 850 1607 Machometus
876 1552 1032 1607 Sarracenis
1058 1551 1137 1606 dedit
1153 1551 1274 1606 Arabice
1291 1551 1432 1621 scriptam,
1443 1566 1469 1606 rs

313 1642 375 1693 que
402 1624 450 1678 sic
477 1624 546 1678 iuci
575 1623 615 1677 it:
643 1627 668 1678 A
692 1626 785 1692 gladio
808 1627 874 1692 cepit
898 1631 921 1677 st
939 1641 957 1676 a
974 1625 1066 1692 gladio
1084 1629 1186 1678 mur
1203 1630 1226 1678 at
1240 1640 1292 1691 per
1308 1625 1432 1690 gladium

312 1697 509 1752 terminabitur.
536 1643 728 1749 blachometus
745 1695 796 1748 iste
814 1695 957 1749 illiteratus
975 1695 1035 1764 fuit,
1054 1693 1124 1749 deut
1141 1694 1199 1764 ipse
1216 1698 1384 1764 protestatur
1402 1693 1431 1747 in

313 1767 452 1820 Aleorauo
479 1783 544 1836 su0;
572 1771 618 1820 sto
641 1766 847 1836 prenominatus
874 1766 1010 1820 hereticus
1027 1765 1149 1835 dictavit,
1167 1765 1227 1818 iste
1244 1765 1432 1834 promulgavit

313 1842 341 1892 et
367 1854 418 1907 per
445 1837 672 1892 comminacioues
701 1841 728 1890 et
746 1837 895 1891 vanitatem
922 1836 1013 1907 legem
1037 1837 1142 1904 statuit,
1160 1834 1263 1906 quam(l
1286 1835 1433 1890 carnaliter

312 1909 435 1962 viventes
451 1908 480 1961 in
498 1912 577 1977 parte
592 1907 740 1977 voluptatis
758 1907 873 1962 firndter
891 1909 1048 1975 observant3
1067 1913 1095 1963 et
1113 1906 1184 1961 sicut
1201 1907 1291 1977 legem
1309 1911 1431 1961 nostram
1441 1921 1470 1960 ao

219 1985 249 2032 ‘t
259 1985 302 2028 1⁶⁷.
313 1979 413 2034 veritas
431 1983 460 2033 et
477 1979 616 2034 mundicia
633 1979 768 2044 muniunt,
789 1979 828 2034 ita
846 1995 959 2034 errores
978 1979 1098 2048 ipsorum
1116 1979 1199 2033 timor
1217 1979 1371 2032 mundanus
1390 1981 1432 2032 ‘et

312 2051 446 2104 humanus
464 2067 496 2104 ac
514 2051 639 2119 voluptas
658 2051 772 2104 emmelis
789 2050 941 2104 firmissime
960 2050 1123 2106 custodiunt

193 2127 260 2170 nare.
268 2127 303 2167 ³1·
418 2120 454 2174 In
466 2121 510 2174 die
522 2121 674 2190 palmarum
693 2121 757 2175 anui
773 2121 919 2191 prescripti
936 2121 1048 2175 hosste
1066 2121 1234 2187 fidelium,
1253 2121 1341 2174 multa
1357 2137 1432 2174 com·

312 2192 464 2246 minacium
482 2193 620 2261 premissa,
638 2191 712 2260 quod
737 2209 765 2246 sa
790 2192 861 2261 ipsos
879 2192 924 2246 vel
942 2197 1104 2246 nostrates
1122 2209 1216 2246 omnes
1234 2207 1288 2246 una
1306 2190 1351 2245 die
1369 2207 1432 2260 per·

312 2263 416 2332 dereut,
435 2263 550 2318 collecto
569 2263 685 2317 terribili
714 2267 741 2317 et
768 2263 961 2318 innumerabili
978 2263 1099 2318 exercitu
1118 2261 1241 2332 equitum
1260 2267 1288 2316 et
1306 2262 1430 2331 peditum
1441 2275 1469 2315 es

312 2335 450 2388 irruerunt
477 2352 558 2402 super
587 2333 817 2402 Christianos,
845 2334 965 2403 undique
995 2335 1127 2388 fossatum
1153 2334 1323 2403 ipsorum⁰
1355 2333 1431 2386 inva-

312 2406 414 2462 dentes.
450 2404 552 2459 Hostes
569 2422 635 2460 vero
661 2423 723 2460 cum
749 2405 842 2460 electis
860 2405 993 2459 militibus
1018 2405 1071 2459 suis
1089 2405 1124 2459 de
1142 2404 1218 2474 equis
1235 2403 1431 2459 descendentes

312 2494 375 2531 cum
402 2477 614 2530 nostratibus
641 2477 771 2531 atrociter
788 2481 987 2547 pugnaverunt.
1023 2475 1154 2530 Mulieres
1172 2493 1271 2544 aquam
1290 2482 1318 2528 et
1335 2475 1430 2528 viuum

313 2552 340 2602 et
352 2547 456 2617 lapides
467 2548 657 2602 ministrabant
669 2548 846 2602 bellatoribus
864 2546 1034 2615 fidelium,
1053 2547 1185 2601 interea
1203 2546 1323 2601 oracioni
1342 2563 1430 2600 sacer-

312 2619 389 2673 dotes
406 2617 574 2688 insistebant,
592 2619 706 2672 vulnera
724 2619 907 2672 sauciatorum
933 2617 1049 2688 ligantes
1070 2623 1098 2672 et
1116 2616 1317 2674 benedicentes.
1354 2615 1469 2671 Occi-so

312 2690 479 2758 desuntque
497 2689 561 2743 hinc
580 2688 764 2744 indemortui
782 2689 862 2743 multi
880 2693 909 2744 et
925 2689 1070 2758 vulnerati,
1088 2687 1187 2757 quiaf
1203 2687 1272 2742 adso
1291 2688 1432 2742 instabant

312 2761 442 2815 atrociter
459 2760 506 2829 qui
518 2764 650 2814 venerant
667 2759 759 2815 studio
776 2760 917 2814 liberanda
936 2759 1061 2827 civitatis,
1080 2767 1115 2813 ut
1132 2759 1168 2814 ab
1187 2765 1249 2814 ortu
1268 2759 1331 2812 solis
1344 2775 1431 2827 usque

313 2831 348 2884 ad
374 2831 471 2885 horam
498 2830 556 2885 sera
582 2831 717 2885 decimam
744 2833 871 2886 bellum
890 2831 1160 2900 protraheretur.
1197 2829 1321 2885 'laudem
1338 2829 1430 2884 hostes

204 2946 228 2984 ,b
269 2945 294 2984 14
312 2905 486 2956 retraxerunt
504 2919 533 2956 ae
551 2919 613 2956 cum
631 2902 751 2956 maximo
770 2903 922 2971 dampnes,

221 2956 304 3039 s'vss'ur'.
419 2971 500 3027 Post
527 2972 589 3026 hoc
612 2973 732 3027 instabat
748 2973 902 3044 passagium
920 2973 1040 3040 venale,
1059 2977 1091 3027 et
1109 2973 1142 3026 in
1160 2970 1223 3029 Kal.
1242 2971 1312 3026 Maii
1329 2988 1468 3042 magnam

312 3059 389 3113 pars
400 3044 606 3114 peregrinorum
618 3043 759 3113 recessit,
778 3043 825 3099 ssd
843 3043 908 3098 novi
925 3049 1103 3113 recentesque
1115 3043 1253 3114 peregrini
1271 3059 1333 3097 cum
1350 3043 1431 3111 copia

313 3113 472 3169 victualium
492 3119 520 3169 et
532 3131 663 3184 equorum
682 3115 912 3184 supervenientes
930 3113 1058 3169 Christi
1074 3114 1202 3169 milites
1220 3113 1430 3168 letificavenmt.

207 3185 410 3240 natuecirca
436 3184 545 3240 festum
572 3184 735 3252 ascensionis
759 3185 869 3240 Domini
895 3186 1033 3240 irruemnt
1059 3202 1158 3255 super
1184 3184 1306 3239 fideles
1331 3183 1431 3268 perfidi

312 3257 475 3312 multociens
501 3257 641 3326 prevalere
659 3257 828 3325 volentes,
855 3255 914 3311 sed
941 3273 997 3311 non
1023 3259 1189 3326 poterant.
1224 3255 1292 3310 Post
1310 3255 1431 3310 mutinae

313 3325 450 3384 assultush
471 3327 583 3382 tandem
601 3326 732 3382 fossatum
750 3332 944 3382 nostrorum
963 3331 1059 3382 ronta
1076 3327 1205 3381 miliciam
1217 3325 1326 3409 Templi
1343 3330 1469 3388 hanam

313 3405 408 3455 euntes
419 3403 448 3455 et
460 3400 542 3454 liceas
553 3399 688 3453 violenter
702 3403 868 3468 rumpentes,
886 3397 1157 3453 Christianorum
1175 3397 1281 3467 pedites
1292 3415 1322 3452 m
1335 3395 1430 3467 fugam

312 3475 462 3540 verterunt,
481 3471 550 3524 adso
578 3469 625 3524 ut¹
654 3473 728 3524 totus
746 3469 882 3524 exemitus
900 3468 1022 3524 fidelium
1040 3468 1250 3552 periclitaretur.
1286 3467 1430 3524 &moeni

312 3540 445 3612 siquidem
462 3541 535 3596 intra
552 3541 644 3596 menia
661 3545 846 3608 nocherum,
866 3540 959 3595 fractis
970 3539 1171 3598 municionibus
1183 3537 1287 3622 ligneis,
1306 3538 1430 3610 equitum

313 3630 345 3667 ac
357 3613 480 3682 peditum
500 3613 571 3667 acies
589 3611 757 3668 ordinarunt.
786 3611 930 3666 Timiditas
948 3611 1049 3666 aucta¹¹
1064 3611 1232 3680 Christisnu,
1251 3609 1299 3666 sed
1311 3610 1431 3680 spiritus,

312 3683 361 3752 qui
378 3682 467 3737 induit
479 3681 647 3751 Gedeouem,
665 3682 796 3737 animavit
814 3681 990 3752 Templarios,
1008 3683 1087 3751 quia
1104 3682 1234 3752 magister
1246 3679 1355 3750 Templi
1367 3698 1430 3736 cum
1439 3703 1470 3743 aa

311 3753 479 3809 marscalcol
495 3753 646 3824 ceterisque
663 3753 793 3809 iratribus
809 3771 860 3822 per
877 3754 1056 3808 exercitum¹¹¹
1069 3757 1214 3823 mgustum
1232 3753 1337 3822 impetu
1355 3752 1430 3806 iaetu

313 3825 428 3909 viriliter
455 3825 484 3878 iu
511 3823 606 3894 fugam
628 3823 950 3908 'convertitniucreduloa
969 3824 1070 3894 aliique
1087 3824 1122 3878 de
1140 3823 1252 3906 divesis
1269 3822 1431 3908 redonibus

312 3896 556 4022 {ltttttti
572 3894 1179 4036 affiispuguffirgmomffi
1194 3894 1431 4032 ‘metit

312 4163 335 4212 a)
349 4153 367 4201 F
382 4160 481 4200 hocloco
490 4161 649 4209 praescriptum
664 4162 684 4206 1.
764 4162 788 4212 b)
801 4163 876 4202 udam
889 4172 956 4200 mass
969 4169 1075 4209 aspum.
1088 4163 1229 4200 conuectant
1244 4163 1262 4204 1.
1342 4159 1364 4212 c)
1377 4170 1430 4211 qus,
1440 4164 1471 4205 to

312 4216 370 4264 qaod
383 4223 411 4254 es
424 4211 479 4255 olto.
492 4213 560 4251 tam
572 4213 683 4266 Meet,
702 4215 760 4255 deest
773 4217 791 4258 1.
805 4217 833 4258 R.
899 4211 923 4261 d)
943 4223 987 4263 qua
1000 4215 1020 4256 1.
1033 4213 1060 4256 Β.
1127 4214 1149 4260 ο)
1169 4223 1253 4264 sorum,
1275 4214 1349 4252 nam
1363 4224 1431 4252 mssa

311 4267 532 4317 aspernamentum
547 4268 566 4314 1,
581 4270 600 4304 st
613 4267 646 4305 tta
659 4268 686 4310 R.
739 4267 801 4318 oste
814 4268 846 4315 R,-
860 4267 898 4316 qul
912 4269 932 4309 1.
992 4265 1015 4316 g)
1028 4271 1071 4309 stc.
1085 4267 1137 4309 add.
1151 4268 1170 4310 1.
1230 4265 1255 4318 h)
1267 4266 1298 4306 stc
1312 4267 1345 4315 B,-
1358 4267 1432 4307 usul-

313 4324 348 4360 tcs
363 4323 381 4363 1.
448 4319 466 4370 l)
479 4319 510 4357 stc
523 4318 550 4361 R.
564 4319 634 4367 Oltam
654 4317 714 4370 quod
729 4323 747 4361 ι.
813 4319 837 4368 k)
855 4323 897 4368 ast,
911 4319 969 4370 guod
982 4329 1009 4358 ss
1022 4319 1077 4363 otte,
1090 4319 1158 4358 emes
1171 4317 1282 4370 dm,
1297 4319 1354 4358 deest
1368 4321 1387 4364 1.
1402 4321 1431 4360 B.

313 4371 330 4422 l)
343 4383 456 4413 marcesco
471 4372 491 4411 l.
546 4373 576 4423 m)
589 4372 621 4412 stc
635 4374 654 4415 1.
667 4372 687 4411 B
700 4383 747 4411 rum
761 4373 806 4416 cod.
819 4373 912 4421 wedam
926 4371 999 4412 reru.
1014 4372 1106 4422 (lucari,-
1120 4372 1205 4413 saltum
1219 4371 1275 4413 oceo.
