3186 4844
232 351 415 407 ANNALDS
432 351 622 409 ERPHORD.
641 353 832 408 FRATRUM
850 352 1189 410 PRAEDIGATORUM.
1228 359 1278 412 113

160 535 248 599 bant
282 539 319 600 et
349 536 494 601 viriliter
533 557 569 602 se
605 537 829 602 defendentes
864 536 959 600 XIII
996 558 1038 602 ex
1075 519 1418 636 adversariisffssrljsP

160 625 399 702 trucidabant,
432 626 567 690 eosdem
602 627 639 689 in
668 647 738 689 una
766 625 859 690 fossa
893 626 996 690 simul
1031 627 1274 704 subterrantes‚

159 713 345 798 pluresque
368 735 409 780 ex
433 715 509 778 aliis
532 715 570 778 iu
592 715 678 798 fuga
700 714 931 779 vulnerantes.

268 803 346 870 Hoc
369 825 460 868 anno
475 805 568 868 infra
583 803 828 886 sexagesimam
847 823 941 867 soror
955 801 1161 886 Margareta,
1185 805 1275 888 regis
1286 787 1370 896 ἓξὲξ

137 891 329 968 sHeinrici
347 892 410 956 filii
426 893 592 956 Friderioi
609 892 836 976 imperatoris,
857 891 988 969 relicta,
1005 891 1127 956 relicto
1143 913 1275 960 summo
1343 886 1349 897 ⁸
1372 889 1377 901 ’

159 1001 286 1064 sponso
311 1001 372 1044 suo
396 981 476 1044 Iesu
500 980 648 1054 Christo,
673 1000 774 1064 quem
797 981 834 1043 in
856 981 946 1045 facie
970 981 1112 1046 ecclesie
1136 982 1275 1065 publico

158 1072 240 1132 roto
265 1070 389 1134 emisso
412 1069 602 1153 habituque
631 1069 807 1153 religionis
835 1074 1012 1155 assumpto
1040 1070 1189 1136 fideliter
1212 1071 1274 1136 ele·

157 1161 273 1240 gerat,
313 1157 385 1222 filio
422 1158 511 1241 regis
550 1158 690 1223 Boemie
725 1153 963 1242 Plrimislaol⁸,
1000 1160 1079 1224 duci
1112 1159 1275 1224 videlicet

158 1245 312 1319 Austris,
342 1247 470 1328 nupsit,
501 1267 578 1310 oum
602 1250 718 1311 tamen
746 1247 920 1312 affinitate
949 1247 1065 1312 forent
1089 1249 1273 1312 coniuncti.

123 1354 149 1391 ro
267 1333 344 1397 Hoc
379 1335 483 1397 etiam
519 1355 608 1399 anuo
642 1337 796 1400 marchio
831 1335 1015 1400 Misuensis
1049 1335 1273 1420 Thuringiam

155 1423 300 1486 veniens
319 1421 400 1486 VII.
424 1422 503 1484 Kal.
528 1422 739 1507 Septembris
761 1425 799 1488 in
821 1423 1049 1489 Mittelhusen
1072 1425 1379 1508 provincialium.

156 1511 312 1596 presedit
340 1510 469 1575 iudicio
499 1531 686 1595 pacemque
715 1533 794 1576 cum
823 1516 914 1577 terre
942 1513 1128 1578 baronibus
1156 1515 1273 1577 confir·

159 1599 279 1664 mavit.
326 1599 417 1664 Dein
445 1601 551 1664 tertia
580 1600 636 1664 die
661 1646 834 1663 ......
840 1594 855 1637 l
887 1605 1035 1664 castrum
1067 1602 1203 1668 obsedit
1233 1624 1380 1674 aaran.

155 1689 193 1752 in
218 1689 428 1754 deditionem
454 1689 613 1774 suscepit,
643 1689 817 1772 ipsiusque
840 1689 946 1753 castri
968 1690 1144 1754 dominum
1168 1693 1272 1775 capti·

122 1797 238 1840 nrum
262 1778 446 1844 abducens.

265 1867 342 1931 Hoc
372 1887 463 1931 anno
492 1867 527 1929 in
559 1887 643 1932 cena
673 1865 815 1930 Domini
845 1869 925 1930 sunt
960 1867 1098 1932 invente
1127 1868 1391 1953 reliquieumse.

156 1955 252 2020 beati
269 1954 438 2020 Wicberti
461 1955 612 2032 abbatis;
638 1975 677 2019 ac
700 1958 822 2039 postea
842 1954 880 2018 iu
895 1954 1022 2040 vigiliis
1039 1956 1373 2026 beatiIohan·1a.n.

153 2043 229 2108 nis⁰
257 2043 409 2128 baptiste
433 2045 639 2108 auctoritate
663 2042 794 2108 domiui
817 2043 923 2128 legati
948 2049 1051 2128 atque
1075 2046 1271 2130 Magantini

154 2132 218 2196 sub
243 2133 481 2197 translationis
510 2132 616 2197 titulo
640 2134 759 2198 eadem
782 2133 965 2198 translatio
988 2134 1116 2218 populo
1140 2135 1270 2200 sollem·

116 2221 247 2286 uniter
270 2225 323 2287 est
345 2223 577 2287 manifestato.

262 2309 393 2376 Eodem
421 2331 511 2376 anno
536 2310 626 2374 IIII.
650 2310 730 2374 Kal.
755 2309 914 2376 Octobris
941 2311 1029 2376 obiit
1057 2312 1167 2378 frater
1189 2311 1378 2383 Hel-septae.

152 2399 269 2474 wicus,
295 2398 405 2464 lector
426 2400 599 2465 Minorum
621 2400 781 2464 fratrum.

261 2483 384 2553 Annotl
403 2488 544 2552 Domini
566 2488 764 2554 MOOLIII.
787 2488 869 2552 dum
894 2489 1111 2572 supradictus
1133 2489 1268 2574 legatus
1280 2496 1356 2550 1253.

152 2597 215 2662 pro
239 2578 388 2661 quodam
412 2577 614 2642 theoloneo⁶
641 2578 715 2642 fere
745 2597 805 2661 per
827 2577 978 2641 annuml
1001 2579 1268 2643 excommunica·

114 2665 259 2731 astionis
290 2667 462 2732 sententia
484 2666 728 2752 Magantinum
758 2659 978 2731 innodasset‘
1005 2687 1044 2732 ac
1073 2665 1168 2730 illius
1197 2687 1267 2732 sen·

151 2755 301 2820 tentiam
324 2759 445 2821 contra
462 2755 694 2819 marchionem
710 2753 924 2819 Henricumss
949 2758 1125 2830 cassasset,
1150 2749 1261 2821 circah

150 2844 305 2928 pascha²
327 2843 539 2908 reconciliati
562 2843 675 2908 santi.
1276 2868 1371 2917 Apato.

260 2930 337 2996 Hoc
368 2933 472 2994 etiam
502 2952 591 2995 auno
615 2931 704 2996 Non.
728 2931 859 3016 Aprilis
885 2931 973 2995 obiit
997 2931 1359 3005 Wildcbrandusrprs.

150 3019 462 3144 Magdeburpensis
485 3021 771 3105 archiepiscopus.

111 3131 141 3170 ao
259 3107 336 3172 Hoc
385 3109 491 3173 etiam
514 3129 604 3174 anno
629 3102 827 3174 cristanus*
853 3109 1079 3193 Magantiuus
1103 3109 1266 3194 archiepi-

149 3217 275 3282 scopus
299 3197 574 3282 Hospitaliorum
597 3197 710 3261 ordini
733 3218 769 3261 se
791 3198 946 3262 tradidit.

147 3443 172 3489 a)
187 3441 212 3484 F.
226 3443 245 3483 1.
292 3440 315 3489 b)
328 3441 425 3490 epatium
439 3451 529 3480 mam
543 3439 581 3482 rol.
595 3442 614 3482 1.
659 3441 680 3487 c)
694 3436 784 3480 loannis
799 3442 817 3482 1.
858 3437 880 3490 d)
893 3439 945 3480 saa
959 3461 985 3470 -
999 3441 1013 3484 l.
1028 3442 1059 3484 21.
1078 3441 1141 3480 leubae
1155 3443 1167 3480 2
1180 3453 1204 3491 p.
1218 3442 1265 3492 667,

148 3495 188 3532 abl
201 3495 265 3536 nom.
276 3505 317 3536 om.
358 3491 381 3544 a)
395 3494 498 3534 theloneo
509 3496 527 3535 1.
567 3491 740 3544 olnodasretl.
780 3495 803 3542 g)
816 3493 879 3542 stc&
893 3493 975 3537 march.
990 3494 1072 3534 latam
1088 3498 1106 3538 l.
1143 3493 1167 3545 h)
1180 3496 1237 3535 oltra
1246 3498 1265 3540 1.

148 3549 166 3594 l)
180 3547 228 3588 lloc
242 3568 268 3576 -
282 3547 374 3588 tradidit
392 3547 454 3586 tata
472 3547 485 3585 2
499 3559 525 3596 p.
539 3545 587 3596 612,
604 3546 665 3596 soleo
679 3547 758 3596 procul
771 3546 835 3586 datio
853 3546 924 3585 dicem
943 3547 994 3585 aaa
1013 3548 1035 3586 ln
1053 3547 1101 3588 cod.
1120 3549 1149 3586 ad
1168 3559 1189 3588 a.
1205 3549 1264 3589 1251.

109 3604 138 3645 ω
148 3601 263 3650 οάεεῆμα
277 3611 326 3646 aas,
355 3600 389 3648 01.
400 3600 475 3649 praes.
486 3612 511 3649 ρ.
522 3601 589 3650 14η.
644 3599 668 3648 lr)
681 3599 782 3648 llplauua
796 3600 820 3651 23
834 3597 972 3640 curaturus
986 3603 1005 3639 1.

149 3815 176 3881 1)
193 3813 294 3868 Error.
333 3813 494 3865 Gerburdus
518 3812 619 3864 mam
646 3818 774 3864 autumno
799 3827 824 3866 a.
839 3813 916 3868 1252.
941 3813 975 3864 ab
992 3813 1104 3880 Huyonc
1127 3815 1268 3868 cordiaals'

146 3887 392 3938 mammonam
408 3889 452 3936 eat.
479 3884 520 3948 Cf.
533 3883 597 3949 Ray.
610 3883 679 3949 Imp.
694 3883 725 3949 V,
740 3899 770 3950 p.
785 3885 863 3950 1562,
880 3901 923 3939 ar.
938 3885 1032 3940 10364.
1104 3887 1132 3950 2)
1148 3885 1265 3938 macas

149 3955 282 4022 Hisponis,
300 3955 398 4023 quobus
410 3954 569 4007 Gammae
587 3957 851 4008 communitum
867 3955 968 4008 adum
984 3956 1092 4023 dicitur,
1112 3958 1190 4010 datm
1201 3963 1264 4010 wat

148 4029 286 4094 Apr.15;
312 4025 377 4092 aeq.
396 4025 465 4092 Imp.
491 4025 521 4090 V,
542 4041 572 4092 p.
588 4027 665 4090 1564,
688 4028 849 4092 nr.1oass;
874 4026 906 4078 da
924 4027 1059 4093 Grsdmua
1086 4029 1173 4080 Gom
1197 4027 1263 4094 dipl.

110 4096 179 4162 sol,
199 4115 230 4165 p.
251 4099 305 4153 636
326 4111 381 4164 aa„
409 4112 452 4150 nr.
473 4097 534 4152 267.
625 4095 654 4164 3)
679 4096 900 4165 salmurus
924 4097 1018 4150 aaron
1044 4105 1068 4152 d
1092 4100 1206 4166 humus,
1233 4105 1264 4152 ut

148 4176 243 4221 cador
258 4169 363 4220 dicim
380 4167 492 4223 ridetur.
528 4167 601 4220 Num
620 4168 725 4220 litterae
746 4169 941 4234 compositionis
965 4170 1035 4222 inter
1055 4169 1131 4222 6666
1149 4175 1173 4221 ct
1189 4185 1263 4222 mar·

147 4239 265 4292 monem
292 4240 398 4291 mm
421 4239 500 4290 datae
522 4243 584 4291 aaut
611 4255 637 4294 a.
665 4240 742 4295 1254.
772 4238 844 4290 Mass
868 4240 914 4308 16;
941 4238 973 4292 da
1002 4240 1127 4294 Grtdmas
1154 4241 1171 4296 l.
1194 4241 1211 4295 l.
1239 4240 1262 4308 I,

145 4329 174 4380 p.
187 4311 239 4367 639
251 4326 316 4378 sqq„
334 4326 380 4364 nr.
392 4311 453 4364 269.

1034 4418 1051 4472 8
