3266 4852
579 391 745 446 ORONIOA
763 391 898 450 MINOR.
1244 397 1298 450 493

191 573 398 639 Viterbieuscs
421 573 501 638 libro
524 594 580 638 suo
596 573 763 639 Pantheon
784 573 947 639 subtumu
957 575 977 658 ¹,
994 575 1186 657 praesertim
1202 573 1297 641 classi

184 662 324 728 codicum
351 661 548 738 Cuiusdam
572 683 705 743 quacum
729 663 914 745 pierumque
941 663 979 728 in
1001 664 1099 729 aunis
1125 685 1164 729 oa
1185 663 1298 730 mensi·

185 753 241 816 bns
262 751 346 816 sertis
363 750 552 832 pontificum
575 751 736 816 adnotatis
758 750 930 816 conoeuit2.
975 752 1136 831 Gotisredi
1159 754 1298 836 emotoqo

178 839 394 922 propinquum
422 845 467 904 est
494 839 631 906 Giiberti
658 839 841 906 Chronicou
863 841 1054 923 pontificum
1082 847 1112 906 et
1133 841 1298 924 imperato-

155 929 286 1008 srum⁸‚
310 948 440 1009 quocum
463 935 568 993 noster
588 927 699 993 rarius
725 948 820 1010 quam
849 951 919 994 cum
947 929 1112 1009 Gotifredo
1141 930 1178 995 in
1200 930 1299 995 anuis

185 1024 214 1082 et
234 1016 393 1082 mensibus
409 1016 598 1098 pontificum
614 1018 790 1098 commeat,
814 1018 870 1082 sed
885 1018 986 1084 multa
1000 1024 1119 1083 statuta
1135 1039 1299 1100 paparum

186 1105 286 1171 citata
315 1106 360 1170 ad
387 1107 513 1170 omium
535 1127 640 1186 paene
668 1127 737 1170 cum
765 1105 899 1172 Gilberti
929 1106 1074 1172 chronico
1101 1107 1296 1188 conueniunt,

185 1193 227 1259 iis
249 1193 344 1259 etiam
367 1193 452 1267 iocis,
482 1215 559 1275 quos
586 1193 745 1260 Gitbertus
773 1202 958 1277 mutaverat,
981 1196 1127 1262 recedens
1149 1196 1188 1261 ab
1212 1195 1297 1278 aliis,

185 1283 368 1364 quibuscum
402 1281 566 1348 conuenire
592 1283 697 1365 sotet4,
726 1290 762 1348 ut
789 1283 884 1349 huius
913 1283 1051 1350 libellum
1084 1283 1168 1349 inter
1196 1285 1300 1364 fontes

150 1393 176 1432 ιο
185 1371 287 1436 nostri
301 1391 460 1436 recensere
475 1372 649 1453 debeamus,
661 1370 805 1453 quamuis
819 1371 923 1453 ipsum
938 1393 1137 1455 nequaquem
1152 1373 1299 1438 habuisse

185 1460 337 1534 uideatur.
385 1459 431 1524 Iu
458 1458 618 1538 Gotisredi
644 1460 729 1525 enim
752 1461 891 1543 eataloqo
914 1461 979 1526 Leo
1002 1462 1038 1543 V,
1062 1461 1222 1544 Aqapitus
1245 1462 1299 1542 II,

186 1549 348 1614 Iohannes
373 1548 456 1612 XII
456 1600 461 1612 .
480 1569 587 1631 popae
609 1548 718 1614 omissi
739 1555 821 1629 sunt,
845 1569 921 1630 quos
943 1557 1048 1615 noster
1071 1571 1139 1615 arm
1160 1549 1299 1616 Gitberto

185 1636 279 1702 rectis
301 1635 377 1702 locis
398 1636 499 1717 habet,
522 1638 579 1702 sed
600 1659 669 1702 cum
692 1636 767 1702 otiis
793 1637 937 1704 omnibus
960 1638 1167 1720 pontificibus
1196 1660 1300 1703 annos

185 1746 363 1807 mensesque
384 1723 551 1808 reqiminis
573 1725 786 1808 adscripserit,
814 1727 935 1791 aditos
958 1733 1020 1792 tres
1039 1749 1146 1810 papas
1170 1729 1300 1792 adnota—
1409 1807 1410 1810 Ἴ

151 1814 248 1879 nait:
278 1815 368 1879 sedit
397 1835 528 1900 porum,
559 1814 630 1880 licet
663 1813 822 1880 (tilbertus
851 1837 954 1880 annos
982 1837 1161 1897 mensesque
1193 1837 1300 1881 eorum

186 1901 385 1968 adnotaverit
393 1901 414 1965 ⁵.
458 1901 684 1968 Oaniciendum
705 1902 806 1986 iqitur
827 1909 873 1968 est
894 1903 931 1969 in
953 1904 1093 1987 catatoqo
1111 1905 1299 1986 pontificum

186 1993 232 2056 oet
254 1991 291 2057 iu
314 1990 378 2056 atio
402 1991 504 2056 libetis
533 2014 554 2058 a
583 1990 687 2071 fratre
709 1991 843 2057 Minore
869 1992 1010 2058 adhibito
1038 1993 1173 2060 Gitberti
1200 1993 1299 2059 Otro-

186 2079 281 2145 uieou
303 2079 492 2163 easmcptmn
506 2079 616 2162 fuisse,
640 2082 695 2146 sed
715 2080 753 2144 iu
776 2086 866 2146 tauta
882 2080 1071 2161 difficultate
1089 2102 1196 2147 rerum
1211 2081 1300 2164 quid-

187 2190 282 2251 quam
305 2167 382 2234 certi
403 2168 501 2233 statui
522 2190 588 2234 non
603 2174 713 2251 potest.
746 2167 825 2235 Atia
842 2191 950 2252 pauco
965 2171 1002 2236 de
1017 2170 1142 2236 statutis
1165 2178 1194 2236 et
1207 2172 1301 2236 rebus

151 2258 281 2340 nqestis
298 2256 486 2338 pontificum
508 2259 661 2323 adnotato
690 2279 759 2323 cum
782 2257 916 2324 Decreta
938 2258 1117 2324 Bouieouis
1140 2259 1268 2325 Sutrini
1277 2261 1298 2340 ⁶,

182 2345 371 2427 praesertim
400 2366 469 2412 cum
499 2347 638 2429 catatopo
661 2345 859 2429 pontificum,
889 2367 978 2430 quem
1007 2347 1087 2413 tiber
1109 2348 1174 2413 IV.
1205 2346 1301 2412 huius

189 2434 291 2517 aperis
318 2433 460 2516 continet,
492 2433 689 2514 conveniunt,
718 2455 817 2517 neque
842 2435 879 2500 in
909 2435 1038 2501 dubium
1059 2435 1168 2502 occari
1187 2443 1298 2518 potest,

189 2523 266 2605 quim
289 2523 365 2588 hoec
388 2543 426 2588 en
447 2522 625 2588 Bouiaouis
652 2523 733 2588 libro
754 2523 900 2605 prosecta
926 2524 1000 2606 sim,
1031 2545 1100 2590 cum
1126 2523 1163 2589 in
1185 2531 1300 2607 quarto

190 2611 369 2677 recensione
391 2617 419 2678 et
440 2611 478 2676 in
500 2611 646 2694 opusculo
668 2613 724 2677 sub
748 2613 931 2694 appendicis
960 2633 1089 2678 numero
1112 2613 1186 2679 III.
1218 2611 1302 2678 edito

154 2701 285 2782 stptura
307 2721 345 2765 ec
366 2701 470 2766 eodem
492 2699 649 2782 coempta
671 2699 880 2766 inveniamus.
927 2701 992 2767 Sed
1012 2723 1082 2767 urm
1103 2707 1213 2767 auctor
1235 2707 1302 2765 tom

184 2811 293 2872 pauco
315 2810 353 2853 eoo
374 2789 432 2854 hoc
453 2788 534 2854 tibro
555 2795 679 2871 surpta
701 2789 822 2871 habeat,
844 2789 956 2873 inquo
971 2790 1071 2855 mutto
1093 2789 1162 2855 alia
1184 2795 1302 2856 statuta

184 2878 381 2960 pontificum,
404 2877 468 2960 ipsi
481 2878 599 2958 iqnoto‚
623 2877 768 2943 inuenire
783 2878 945 2961 potuisset,
969 2879 1072 2961 ipsum
1087 2879 1170 2944 Ituna
1185 2877 1302 2944 librum

191 2965 391 3049 exscripsisse
413 2987 478 3031 non
500 2966 596 3046 facite
618 2968 753 3032 credam.
789 2967 905 3033 Nescio
926 2965 1035 3050 iqitur,
1059 2989 1135 3032 umn
1157 2973 1303 3049 excerpta

191 3055 285 3121 hocius
308 3054 383 3120 iibri
406 3055 559 3136 habuerit,
583 3077 628 3120 on
649 3055 687 3120 in
708 3054 855 3121 chronico
877 3058 1012 3138 quodam
1034 3079 1079 3121 an
1100 3055 1138 3121 in
1161 3057 1302 3137 catatoqo

155 3161 247 3209 oosuo
263 3143 453 3226 pontificum
474 3143 551 3210 hoec
574 3143 784 3226 transscripta
805 3144 970 3210 invenerit.
1005 3145 1060 3209 Eu
1082 3145 1139 3210 Icoa
1161 3145 1304 3226 cataloqo

185 3231 408 3314 proculdubio
431 3231 524 3298 etiam
546 3232 836 3315 sumpsiteucerpto
850 3234 1005 3315 quaedam
1027 3253 1066 3299 en
1080 3233 1180 3299 Libro
1198 3231 1302 3314 ponti-

190 3320 287 3402 ficali,
311 3321 450 3404 quaein
477 3320 614 3388 Gitona
640 3320 797 3387 Chronico
820 3343 885 3388 non
907 3322 1072 3405 tequntum
1101 3343 1177 3386 noun
1198 3322 1304 3403 ipsum

193 3567 219 3636 1)
246 3567 293 3622 SS.
312 3565 410 3633 XXII,
432 3585 461 3634 p.
479 3567 639 3622 281-297.
729 3567 757 3636 2)
784 3567 818 3618 In
843 3567 890 3620 hoc
910 3567 963 3619 solo
980 3567 1106 3633 catomo,
1125 3565 1194 3634 quod
1211 3567 1305 3629 sciam

193 3639 265 3702 falso
283 3640 354 3690 inter
372 3637 500 3704 Viqilium
518 3644 542 3690 ct
559 3637 699 3704 Pelopiam
717 3637 741 3692 I.
769 3637 911 3690 Fabianus
931 3654 1007 3706 popa
1026 3639 1143 3690 insertus
1160 3642 1205 3702 est,
1227 3651 1305 3702 quem

157 3717 215 3763 obet
239 3711 329 3775 frater
348 3710 439 3762 Minor
461 3714 550 3760 noster
574 3709 660 3762 eodem
685 3710 740 3761 loco
762 3725 821 3760 nrm
845 3709 931 3762 eodem
947 3709 1017 3762 sutis
1035 3716 1148 3775 tempore
1165 3708 1249 3761 mou.
1269 3737 1302 3745 —

193 3781 257 3833 Dies
282 3782 422 3846 reqimiuu's
444 3795 591 3847 paporum,
619 3797 684 3848 quos
715 3779 816 3844 (Iotifr.
846 3781 931 3846 haba,
962 3786 1050 3832 nomer
1077 3795 1178 3846 semper
1208 3779 1306 3830 annia

193 3855 221 3916 3)
239 3851 287 3906 SS.
300 3851 378 3903 XXI
380 3852 422 3915 V„
431 3869 461 3920 p.
475 3853 627 3906 122—136.
717 3851 745 3919 4)
768 3851 920 3904 Annalibus
938 3851 1148 3918 massuetum,
1170 3850 1308 3912 Gotifredi

192 3923 319 3989 catatoqo.
392 3921 436 3988 ,5)
453 3923 485 3984 Si
502 3922 616 3974 &ilberti
639 3921 779 3974 chroue'con
803 3922 944 3988 habuisset,
968 3922 1005 3973 od
1022 3921 1134 3974 Leonem
1152 3923 1180 3976 V.
1199 3920 1304 3988 quidem

193 3995 322 4046 adoratore
336 3996 441 4060 potutt:
459 3992 529 4046 sedit
547 4009 651 4060 parum,
671 3995 715 4043 cui
731 3993 775 4046 um
793 3994 848 4045 dies
864 3996 899 4048 40
917 3993 1099 4061 adscripserit,
1117 3993 1161 4044 sed
1178 3993 1214 4044 ad
1231 3992 1305 4057 Aqo-

156 4067 279 4133 wpiterm
298 4065 335 4117 II.
363 4065 471 4118 attoni.
496 4064 588 4116 nanu:
615 4062 685 4116 sedit
710 4063 787 4115 annis
804 4062 840 4130 X,
865 4079 950 4115 mens.
960 4061 1012 4130 VI,
1038 4062 1064 4118 d.
1083 4061 1119 4121 X.
1144 4063 1180 4114 ad
1206 4062 1307 4113 Iohan-

193 4153 251 4190 nem
264 4135 329 4189 XII.
343 4137 402 4201 (illi
413 4135 483 4202 XI):
501 4133 570 4188 sedit
581 4133 660 4202 ¹samis
673 4132 705 4190 Π
722 4135 806 4200 (falso
823 4149 874 4201 pro
886 4134 975 4195 VIII).
1029 4135 1057 4204 6)
1070 4134 1150 4186 Edita
1163 4134 1196 4186 ab
1207 4132 1306 4198 Anqeto

194 4207 261 4273 Mar,
282 4209 356 4258 Nova
377 4212 491 4273 patrum
516 4207 709 4260 statuebant.
726 4205 789 4272 VII,
812 4211 893 4272 parte
912 4205 964 4260 III.
1002 4207 1068 4258 Cum
1086 4221 1199 4271 maqnoe
1214 4209 1306 4272 partes

194 4279 276 4330 huius
293 4278 358 4329 iibri
376 4278 415 4329 tot
431 4280 542 4331 mutesco
553 4281 616 4342 sint,
634 4279 720 4330 uncio
736 4293 774 4328 an
790 4277 873 4345 ptura
885 4282 992 4330 nostroe
1005 4278 1132 4330 Granicus
1150 4292 1179 4327 eo
1197 4276 1310 4327 inediis

193 4356 300 4417 sumpta
317 4351 379 4402 siret.
