3248 4856
321 296 374 350 664
534 292 726 349 cacumen
744 292 907 350 Mmoms
926 293 1189 350 oonrmufflo
1206 293 1230 351 L

234 483 310 537 1271.
427 478 530 541 Anno
554 477 694 542 Domini
716 475 956 542 M⁰00Lm
980 477 1161 543 Fuldensis
1184 477 1291 544 abbas
1313 479 1436 545 Barch-

320 565 472 644 toldus²‚
497 569 683 631 strennuus
698 567 819 650 utique
838 570 875 631 et
891 567 988 631 utilis
1003 569 1119 632 rector
1135 567 1255 652 populi
1279 569 1343 645 sui,
1369 568 1435 633 cul-

321 659 378 720 tor
400 658 436 720 et
459 659 594 720 amator
616 655 721 741 pacis,
753 656 886 720 occisus
915 659 969 721 est
998 656 1035 720 in
1059 656 1172 721 I'ulda
1194 657 1233 720 in
1256 651 1338 722 suob
1365 678 1435 722 ora-

321 744 411 809 torio
433 745 528 809 infra
551 745 689 809 missam
712 746 751 809 in
774 745 1048 829 quadragesima.
1155 746 1198 809 In
1222 745 1376 812 Bitervio
1398 748 1435 810 in

183 833 434 911 (manamissa,
465 838 626 918 presente
649 834 821 918 Phylippo
850 855 931 918 rege
954 834 1099 898 I'rsncie
1130 837 1166 900 et
1193 835 1457 912 cardinalibus‚s

320 923 358 986 in
380 923 470 988 facie
495 922 617 988 Karoli
639 924 730 1007 regis
755 923 880 1007 Sycilie
902 923 1071 989 invidiose
1095 925 1227 989 occisus
1255 928 1308 990 est
1331 925 1436 989 Hein-

320 1011 411 1077 ricus
435 1011 527 1076 filius
551 1012 718 1077 Richardi
740 1013 832 1095 regis
855 1012 994 1096 Anglie.

426 1101 567 1166 Inimici
589 1101 700 1186 crucis
717 1100 847 1166 Christi
870 1103 998 1186 pagani
1021 1121 1099 1166 cum
1112 1101 1143 1164 V
1155 1098 1318 1168 milibus*
1333 1103 1437 1169 irrue·

320 1192 403 1254 runt
425 1191 462 1253 in
478 1190 665 1269 Prusciam‚
690 1190 852 1255 ecclesias
876 1194 911 1255 et
930 1191 1055 1256 altaria
1077 1191 1307 1269 devastantes,
1332 1213 1437 1256 unam

321 1279 497 1344 civitatem
522 1277 754 1364 Oristisburg⁰
778 1282 945 1363 ceperunt
968 1283 1004 1344 et
1027 1280 1229 1345 occiderunt
1253 1280 1347 1344 XIII
1369 1281 1437 1345 fra·
1449 1305 1474 1344 ιο

320 1373 390 1433 tres
419 1369 541 1434 domus
564 1369 778 1434 Theutonice
802 1373 838 1434 et
867 1369 911 1434 de
940 1368 1069 1454 populo
1098 1369 1283 1453 promiscui
1311 1365 1434 1434 sexus*¹

321 1456 377 1522 GL
408 1477 543 1522 necnon
573 1461 609 1523 ct
639 1458 707 1523 duo
738 1457 843 1535 milia,
868 1461 904 1522 et
933 1458 1221 1522 innumerabilem
1243 1459 1436 1522 multitudi-

320 1567 398 1611 nem
415 1545 690 1612 Ohristianorum
714 1548 894 1631 utriusque
913 1567 1013 1612 sexus
1029 1548 1244 1631 captivantes
1268 1568 1347 1612 cnm
1362 1568 1437 1632 pec·

320 1635 456 1700 coribus
479 1640 515 1701 et
538 1636 656 1720 spoliis
679 1657 796 1702 secum
811 1637 1038 1714 deduxerunt,
1060 1636 1161 1701 villas
1184 1637 1439 1702 succenderunt

320 1730 356 1790 et
379 1724 544 1809 plurimos
568 1726 723 1791 homines
748 1729 996 1790 cremaverunt.
1452 1749 1476 1788 ιε

427 1814 469 1877 In
494 1815 704 1880 I'ranconiae
732 1817 804 1878 tam
836 1816 874 1878 in
897 1814 989 1879 villis
1018 1833 1121 1898 quam
1151 1815 1188 1878 in
1211 1815 1339 1899 campis
1362 1814 1439 1899 lupi

320 1905 475 1970 homines
499 1903 687 1968 crudeliter
709 1904 912 1968 invadentes
940 1903 1056 1988 plures
1079 1924 1182 1986 quam
1205 1903 1309 1967 XXX
1331 1905 1439 1968 homi·

320 2015 380 2059 nes
403 1994 664 2058 devoraverunt.
709 1992 939 2077 Reliquerunt
968 2012 1115 2075 namque
1138 2013 1218 2057 oves
1247 1993 1285 2056 in
1308 1993 1440 2078 campis

320 2087 356 2148 et
377 2083 579 2146 invaserunt
601 2083 765 2165 pastores.

427 2170 630 2235 Sevissimus
653 2170 764 2234 hostis
786 2170 908 2254 populi
924 2169 1123 2247 Christiani,
1147 2170 1312 2236 soldanus
1328 2171 1477 2257 Baby-ao

182 2260 412 2331 (naamalonie
443 2259 652 2344 expugnavit
682 2261 718 2323 et
748 2259 840 2343 cepit
869 2259 1092 2323 fortissimum
1124 2263 1275 2324 castrum
1297 2261 1440 2328 nomine

321 2349 441 2428 Greek,
466 2349 719 2412 munimentum
742 2369 782 2413 ac
798 2348 972 2432 refugium
988 2347 1264 2412 Christianorum
1279 2349 1317 2412 in
1332 2348 1440 2415 Terra

320 2439 448 2504 Sancta
457 2438 478 2500 1.
512 2437 587 2502 Hec
604 2436 754 2501 municio
777 2437 1021 2521 impreciabilis
1043 2437 1161 2502 tuerat
1176 2438 1297 2502 domus
1313 2437 1440 2522 Hospi-

319 2528 400 2593 talis
424 2526 535 2592 sancti
557 2526 724 2590 Iohannis
746 2527 909 2611 baptiste.

426 2616 602 2682 Defuncto
632 2636 723 2699 papa
752 2614 931 2680 Clemente
959 2614 1079 2692 1111²⁰,
1111 2619 1189 2699 post
1219 2609 1342 2699 qnem‘
1370 2637 1477 2682 ces-n

320 2707 408 2770 savit
424 2706 643 2790 episcopatus
657 2705 732 2770 tere
747 2704 859 2768 tribus
882 2703 990 2782 annis,
1016 2704 1207 2769 cardinales
1230 2706 1266 2768 in
1283 2704 1440 2772 Bitervio

204 2819 271 2867 (aas.
281 2820 310 2868 1).
320 2795 535 2860 concorditer
569 2794 749 2878 elegerunt
782 2795 819 2856 in
853 2813 977 2877 papam
1016 2794 1187 2875 quendam
1222 2795 1439 2874 canonicum,

320 2884 610 2967 archidyaconum
634 2882 776 2948 ecclesie
800 2882 1008 2959 Leodiensis,
1032 2883 1171 2947 nomine
1187 2882 1439 2960 Theobaldum

320 2974 523 3036 existentem
547 2971 640 3035 ultra
656 2991 749 3036 mare
772 2974 857 3035 tunc
879 2971 955 3054 ipsa
978 2970 1064 3036 hora
1086 2971 1123 3035 in
1146 2972 1439 3056 peregrinacione,

319 3061 380 3126 sed
403 3061 446 3125 de
469 3060 653 3124 Placencia
675 3060 816 3124 civitate
839 3061 1059 3124 oriundumss.
1452 3087 1478 3126 ω

231 3177 309 3230 1272,
425 3150 527 3213 Anno
557 3148 699 3214 Domini
728 3147 988 3213 M⁰OOLXXIL
1027 3148 1214 3232 Gregorius
1244 3169 1335 3234 papa
1360 3151 1439 3226 XM,

180 3239 379 3304 (mlv-sed
398 3259 419 3302 a
433 3231 557 3303 beatoh
573 3239 676 3303 Petro
693 3237 825 3302 CXCV.
843 3231 1058 3302 ordinatur¹.
1089 3237 1157 3302 Hic
1174 3259 1251 3303 cum
1268 3239 1440 3324 solempni

180 3328 487 3402 (naassacomitatn
517 3327 660 3391 intravit
690 3326 811 3391 urbem
834 3327 978 3391 Romam
1009 3329 1046 3391 et
1069 3327 1237 3391 Karolum
1262 3327 1437 3392 Gallicum

318 3417 472 3480 instituit
501 3435 615 3498 regem
641 3415 776 3499 Sycilie.
822 3415 913 3479 Nam
942 3417 1024 3480 ante
1054 3416 1147 3480 hunc
1170 3438 1295 3500 papam
1318 3417 1440 3483 nullus

318 3525 409 3590 papa
439 3525 499 3589 per
521 3499 597 3568 ΧΠ
624 3524 731 3570 annos
759 3504 950 3569 intraverat
980 3505 1100 3570 urbem
1123 3505 1267 3569 Romam
1294 3509 1477 3589 proptera

430 3733 456 3818 *l
479 3761 552 3800 eum
576 3745 710 3819 quatuor
732 3742 845 3800 turmis
869 3750 899 3804 P.
919 3749 951 3800 H
964 3755 988 3801 et
1005 3751 1043 3802 cic
1060 3751 1141 3814 infra
1160 3766 1189 3817 p.
1209 3751 1270 3815 686,
1294 3750 1310 3804 l.
1330 3752 1374 3806 42.

318 3949 340 3996 a)
354 3947 449 3987 Ber-tom
462 3947 496 3992 Ρ,
510 3943 629 3986 Bertoldus
644 3945 669 3984 H
680 3949 699 3984 d
713 3945 775 3993 dnm
785 3957 809 3994 p.
824 3945 870 3994 666,
886 3946 900 3988 1.
911 3945 945 3986 66.
1000 3945 1023 3994 b)
1036 3945 1067 3984 stc
1080 3955 1097 3988 c.
1111 3945 1148 3994 Η,
1162 3945 1252 3994 proprio
1267 3945 1292 3987 P.
1346 3945 1368 3996 o)
1381 3947 1440 3985 erla·

318 4001 404 4050 alsburg
417 4011 435 4042 c.
502 3997 525 4049 d)
539 4000 620 4039 ellos
635 3999 685 4041 odd.
699 3999 724 4042 P.
737 3998 766 4042 H.
827 3997 848 4048 e)
862 4000 893 4038 ele
906 3998 935 4041 H.
949 3999 970 4038 P
981 3997 1140 4050 (Frnukonisn
1156 3999 1243 4038 francla
1256 4009 1274 4040 c.
1336 3999 1354 4047 0
1375 4005 1438 4048 post-

317 4065 384 4103 quam
399 4055 458 4096 ccc.
472 4053 519 4095 m.
533 4057 553 4091 ot
566 4053 591 4094 Ρ.
654 4051 677 4102 ε)
690 4053 721 4092 sto
736 4053 796 4095 Gom.
806 4052 853 4095 ΙΙΙ.
869 4057 888 4091 ct
901 4053 937 4101 Ρ,·
953 4051 1062 4092 orlandus
1076 4062 1094 4093 c.
1150 4051 1174 4102 h)
1192 4053 1223 4090 elo
1237 4052 1296 4094 (lost.
1306 4051 1354 4094 m.
1368 4056 1387 4091 sl
1402 4051 1438 4101 P;

318 4119 359 4152 om.
373 4119 408 4157 c.‚·
420 4111 498 4148 uncto
513 4107 535 4151 S.
588 4107 604 4154 l)
619 4117 650 4150 or.
664 4117 682 4146 c.
737 4105 761 4156 k)
775 4106 806 4145 cle
819 4117 836 4148 c.
852 4107 876 4148 Ρ,
891 4106 912 4147 S.
926 4106 986 4148 Cant.
1001 4105 1059 4154 1111
1072 4104 1137 4144 aester
1150 4105 1213 4153 infra
1223 4117 1249 4155 p.
1263 4105 1310 4155 667,
1326 4107 1340 4148 l.
1354 4106 1373 4148 9.
1448 4115 1475 4152 4ο

319 4285 345 4353 ι)
365 4285 407 4349 cf.
429 4286 460 4340 a.
480 4284 610 4337 asses
627 4285 657 4336 a
677 4283 767 4338 nra.
786 4285 818 4336 a
836 4283 955 4336 roas
973 4283 1073 4335 now
1092 4283 1131 4349 11,
1152 4301 1182 4351 p.
1202 4283 1263 4338 aas.
