3222 4850
292 395 459 452 GRONIGA
471 396 500 451 S.
510 395 625 452 PETRI
637 395 897 454 ERFORDENSIS
909 398 998 455 MOD.
1017 399 1053 460 A,
1064 403 1141 456 1211.
1232 403 1287 458 209

167 585 308 662 gensis⁸,
339 587 601 661 lantgravius
632 591 664 645 et
686 588 825 646 marchio
849 589 1018 646 Misnensis
1041 605 1115 646 cnm
1139 589 1285 646 delibera-

166 677 255 734 cione
278 675 421 733 adhibita
443 675 477 732 in
494 719 603 736 .....
610 663 660 708 Μ
683 678 875 736 unanimiter
897 677 1017 735 collecti
1041 681 1125 736 sunt.
1172 677 1219 735 lbi
1242 695 1286 735 re·

167 762 395 839 colligentes⁰
423 753 649 822 inconcinnosd
675 782 777 824 mores
801 767 1081 840 imperatoris,
1106 783 1183 841 quos
1208 767 1286 824 arbi·

167 854 241 911 trati
271 857 347 911 sunt
376 854 530 928 imperiali
560 855 630 912 aule
661 855 790 913 minime
820 853 1028 924 conducerei,
1059 873 1114 930 pro
1142 872 1179 912 eo
1202 857 1286 930 quod

144 929 407 1001 beoclesiasticiss
432 941 639 1017 dignitatibus
662 945 830 1012 insultans,
854 944 1080 1018 archipresules
1104 945 1286 1018 simpliciter

168 1036 200 1089 et
222 1033 412 1107 vituperiosc
436 1031 573 1100 clericos,
597 1032 728 1089 abbates
752 1033 933 1102 monachos,
962 1032 1149 1090 reverendas
1173 1037 1286 1090 matro-

168 1137 225 1178 nas
256 1121 402 1178 mulieres
433 1121 604 1195 appellans,
636 1121 871 1196 universosque,
902 1139 980 1197 qnos
1013 1121 1099 1179 Deus
1133 1122 1286 1178 honorare

168 1211 314 1285 precepit,
346 1209 490 1284 superbie
520 1209 656 1266 stimulis
686 1210 824 1285 agitatus
847 1211 1056 1279 inhonoravit,
1080 1214 1175 1285 atque
1197 1227 1285 1287 prop·

167 1303 253 1356 terea
275 1299 402 1356 honoris
426 1299 475 1355 sui
498 1299 652 1356 iacturam
677 1299 710 1356 in
733 1299 844 1357 eodem
868 1300 1045 1374 principum
1068 1299 1198 1358 concilio
1221 1316 1286 1356 non

131 1396 157 1433 ¹0
167 1388 267 1445 multo
296 1391 369 1461 post
398 1391 539 1462 tempore
569 1388 675 1462 elapso
705 1405 778 1446 oum
807 1389 908 1446 tocius
938 1388 1064 1446 fortune
1095 1387 1285 1446 adversitate

166 1477 331 1551 persensit.
377 1475 461 1533 Inito
484 1493 620 1552 namque
644 1477 783 1545 oonsilio,
807 1477 1007 1535 iurisiurandi
1031 1481 1227 1534 sacramento
1253 1493 1286 1534 se

167 1565 382 1623 coadunantes
413 1569 445 1622 et
475 1565 669 1640 colligantes,
700 1569 809 1624 eontra
832 1563 998 1623 Ottonem
1030 1571 1062 1624 et
1092 1567 1213 1640 apicem
1242 1582 1286 1622 re·

166 1652 286 1730 giamss,
317 1671 443 1712 omnem
474 1671 568 1728 qnam
592 1657 762 1729 potuerunt
789 1654 1017 1712 confidenciam
1040 1657 1227 1729 prestantes,
1252 1672 1285 1712 re

166 1747 316 1801 venturos
345 1743 475 1817 polliciti
505 1746 589 1800 sunt.
636 1743 770 1801 Proinde
801 1745 897 1801 tacite
920 1743 1141 1818 digredientes,
1165 1746 1285 1802 ceteros

131 1847 157 1886 rs
166 1833 321 1907 principes
350 1849 387 1888 ea
416 1833 536 1889 latuere
566 1832 705 1901 consilia,
736 1832 836 1890 donec
864 1833 950 1890 idem
979 1833 1073 1890 iurati
1102 1833 1136 1890 in
1170 1833 1284 1907 oppido

166 1907 270 1996 regioh
296 1920 477 1978 Nurenberc
500 1920 622 1978 collecti
644 1921 780 1996 publice
803 1919 954 1979 Ottonem
983 1921 1143 1978 hominem
1173 1921 1283 1978 hereti·

166 2027 238 2066 cum
262 2009 506 2067 nominaverunt
528 2013 561 2066 et
583 2009 740 2085 publicam
763 2010 916 2068 iacientes
947 2011 976 2068 ei
998 2011 1281 2080 contradictoriam,

166 2097 358 2156 Fridericum
380 2097 518 2156 Heinrici
541 2099 737 2172 imperatoris
755 2093 878 2167 iillum,
902 2103 997 2156 antea
1019 2099 1058 2156 ab
1078 2100 1283 2157 universitate

166 2187 311 2255 electum,
335 2187 479 2246 fotinum
501 2188 722 2261 imperatorem
745 2187 949 2245 declararent.
985 2188 1036 2244 Ad
1059 2188 1140 2246 hanc
1163 2188 1282 2263 conspi-

130 2276 323 2334 soracionem
352 2274 490 2350 prefatos
520 2277 675 2351 principes
705 2276 860 2334 universis
888 2277 1073 2334 transmisse
1096 2281 1129 2334 et
1151 2277 1282 2352 singulis

165 2364 268 2422 littere
291 2365 460 2440 apostolice
483 2365 710 2433 animaverant,
741 2365 775 2422 in
802 2365 915 2440 quibus
946 2365 1093 2423 dominus
1116 2382 1198 2441 papa
1221 2382 1282 2422 cer·

165 2439 224 2511 tis¹
255 2453 294 2510 de
324 2454 427 2510 causis
456 2454 520 2510 iam
550 2453 671 2511 dictum
694 2451 846 2511 Ottonem
876 2453 1043 2512 manifeste
1072 2455 1282 2520 excommuni-

165 2547 272 2600 catum
295 2543 529 2619 pronunctiavit
551 2545 584 2600 et
606 2542 645 2599 ab
669 2543 737 2600 eius
759 2541 911 2601 fidelitate
934 2541 1070 2600 absolvit
1092 2558 1156 2600 non
1179 2543 1282 2599 solum

165 2630 320 2706 principes
351 2635 383 2689 et
412 2630 554 2700 barones,
586 2631 642 2688 sed
671 2634 704 2688 et
730 2633 818 2706 regni
841 2631 1070 2700 ministeriales,
1094 2631 1282 2706 promittens

129 2735 218 2777 saeos
242 2719 427 2796 obsequium
449 2723 589 2795 prestare
612 2719 689 2789 Deo,
712 2720 740 2777 si
770 2724 802 2777 et
825 2718 986 2788 Ottonem,
1010 2719 1069 2776 Dei
1097 2724 1130 2777 et
1153 2720 1282 2778 ecclesie

164 2809 305 2866 Romane
327 2809 500 2877 inimicum,
523 2812 706 2866 constanter
728 2809 866 2867 abiciant
888 2812 920 2866 et
934 2798 1091 2866 Friderico
1111 2825 1193 2866 novo
1216 2810 1282 2884 regi

164 2897 367 2956 denominato
390 2914 424 2954 se
447 2897 578 2955 devotos
601 2897 770 2956 exhibeant
799 2900 831 2955 et
860 2897 978 2956 fideles.
1026 2891 1132 2956 Fama
1153 2891 1280 2966 velati,

164 2983 199 3045 et
221 2980 353 3044 factum
370 2980 445 3044 *toti
459 2985 552 3045 terre
566 2980 732 3045 velociter
746 2980 941 3045 innotescit.
978 2979 1148 3045 Letantur
1163 3001 1281 3046 omnes

163 3069 223 3151 qni
253 3069 296 3134 ab
320 3067 449 3134 Ottone
479 3068 611 3134 animos
641 3068 772 3134 alienos
802 3070 910 3134 eciem
934 3073 1015 3134 ante
1038 3071 1102 3135 hec
1125 3073 1280 3154 tempora

127 3157 367 3236 rehabuerant,
392 3157 442 3221 hii
466 3161 582 3222 autem
606 3158 665 3240 qni
682 3159 724 3223 de
740 3161 838 3241 parte
854 3158 929 3224 eins
953 3162 1052 3224 erant
1075 3163 1111 3224 et
1134 3159 1281 3223 maxime

164 3245 314 3312 Saxones
337 3246 474 3312 occulto
498 3247 615 3312 dolore
639 3250 675 3312 et
697 3247 883 3313 manifesta
905 3247 1147 3330 indignacione
1171 3267 1280 3312 move·

164 3335 322 3399 bmcura
368 3341 561 3400 Guncelinus
584 3355 671 3411 vere,
695 3342 866 3400 domestice
888 3341 1008 3400 familie
1030 3342 1129 3417 ipsius
1153 3339 1280 3400 Ottonis

162 3544 185 3590 a)
205 3511 400 3593 magadburgensis
414 3546 433 3586 1.
499 3543 524 3594 b)
544 3545 638 3592 :prolum
654 3543 737 3583 nomint
750 3543 861 3582 immo
875 3553 966 3582 comm
979 3543 1076 3583 rellatum
1091 3545 1110 3588 1.
1177 3543 1197 3596 c)
1218 3555 1280 3586 reco-

163 3596 233 3636 lentes
247 3597 275 3640 Β.
336 3594 360 3646 d)
374 3594 508 3647 inconditos,
523 3597 597 3636 eadm
611 3608 677 3636 manu
691 3607 796 3646 aspernor.
810 3597 953 3636 inconcinnos
968 3599 988 3648 1,
1004 3601 1026 3635 ut
1040 3597 1066 3640 R.
1133 3600 1155 3644 e)
1168 3599 1199 3637 ric
1213 3600 1233 3637 1.
1248 3599 1279 3646 B,-

126 3653 153 3693 85
162 3647 284 3690 condecere
298 3650 345 3692 LI.
410 3650 430 3698 1)
443 3649 502 3700 dign.
516 3650 569 3692 eccl.
584 3651 610 3692 R.
677 3653 701 3700 g)
715 3651 745 3688 ric
759 3654 778 3698 1,
794 3651 850 3689 male
864 3650 989 3692 ammam.
1051 3649 1075 3700 h)
1089 3651 1119 3690 cic
1133 3651 1165 3700 B,·
1179 3649 1278 3701 oppidio,

163 3713 204 3746 om.
213 3703 275 3754 regio
286 3705 305 3746 1.
327 3703 387 3752 Quod
402 3704 490 3752 iures-ul,
505 3705 562 3753 quod
573 3715 587 3742 a
596 3704 838 3744 municiunculam
852 3705 954 3742 omurum
963 3713 1076 3753 mm,
1089 3705 1170 3754 erupto
1179 3705 1279 3754 oppid-lo

160 3767 202 3805 pro
215 3757 296 3806 oppido
309 3758 378 3812 regio.
431 3757 447 3805 l)
460 3757 491 3795 ric
506 3755 552 3799 LI.
566 3756 595 3795 11
607 3762 668 3806 recle,
684 3761 706 3796 ια
720 3762 819 3808 apparu,
834 3758 963 3798 scaccario
979 3760 989 3796 1
1004 3762 1024 3796 st
1037 3757 1084 3800 111.

162 3951 189 4022 1)
208 3951 243 4004 ln
255 3951 326 4006 Hr'si.
340 3951 544 4020 Reiulscrdebr,
565 3959 594 4004 ct
611 3969 645 4006 aa
664 3952 742 4006 Orco.
755 3952 949 4006 Ranaardror.
964 3969 994 4021 p.
1007 3954 1068 4009 578.
1082 3959 1164 4021 pola,
1184 3969 1278 4006 nornen

163 4023 214 4075 loci
238 4038 292 4075 non
317 4023 463 4076 indicatum
490 4031 557 4090 erat
581 4025 652 4092 quod
670 4029 693 4076 et
710 4031 803 4076 codor
820 4023 902 4075 taire
926 4025 1014 4090 operio
1031 4027 1173 4090 ipnorcvit.
1211 4025 1277 4078 Cura

125 4095 246 4160 rcipiaaer
264 4095 335 4148 Hiar.
354 4094 459 4162 londpr.
480 4095 592 4150 Eccord.
618 4095 663 4150 ccl.
683 4097 743 4154 404.
770 4095 821 4148 loco
846 4111 879 4146 aa
900 4094 979 4149 Gron.
999 4094 1192 4151 Reinbardsbr.
1211 4099 1276 4162 (non

161 4181 194 4217 er
210 4165 260 4216 bac
277 4168 395 4232 σνοηίοα)
419 4173 523 4234 sumpto
547 4167 698 4219 ademerit:
724 4163 827 4218 scilicet
844 4163 1048 4235 Nuvvinburglr,
1070 4169 1159 4235 potius
1184 4173 1277 4220 anaor

161 4235 322 4288 Ioencoenerb
351 4237 398 4290 hoc
427 4239 565 4291 coniecisse
593 4252 674 4304 quam
704 4253 738 4290 aa
770 4235 841 4300 sonu
870 4237 984 4304 quodam
1013 4237 1134 4291 tanaim
1163 4239 1275 4294 amtor.

160 4308 189 4374 2)
213 4306 288 4374 Verp.
308 4307 375 4362 Am.
393 4308 531 4374 111,121:
555 4306 641 4362 Fama
664 4307 747 4362 volat.
819 4308 846 4374 3)
865 4308 938 4360 Haec
956 4309 1035 4360 urbm
1052 4325 1086 4362 aa
1103 4309 1176 4366 Hr'al.
1194 4310 1276 4364 Beris·

159 4377 284 4433 hordsbr.
303 4385 410 4447 sumpta
427 4381 458 4431 tn
477 4379 559 4435 Cron.
576 4378 771 4434 Reiabordcbr.
787 4396 815 4446 p.
828 4381 889 4444 579,
910 4379 927 4435 l.
941 4382 965 4435 1.
984 4382 1082 4433 misso
1099 4387 1169 4436 arua

1027 4488 1061 4541 14

1299 563 1374 617 1211.

1296 633 1324 679 cr.
1334 633 1369 675 or.
1379 632 1457 674 aerata.

1294 2110 1328 2160 ⁸f.
1336 2113 1381 2156 149.
