<?xml version="1.0" encoding="UTF-8"?>
<!DOCTYPE html PUBLIC "-//W3C//DTD XHTML 1.0 Transitional//EN"
    "http://www.w3.org/TR/xhtml1/DTD/xhtml1-transitional.dtd">
<html xmlns="http://www.w3.org/1999/xhtml" xml:lang="en" lang="en">
 <head>
  <title>
</title>
<meta http-equiv="Content-Type" content="text/html;charset=utf-8" />
  <meta name='ocr-system' content='tesseract 3.04.00' />
  <meta name='ocr-capabilities' content='ocr_page ocr_carea ocr_par ocr_line ocrx_word'/>
</head>
<body>
  <div class='ocr_page' id='page_1' title='image "./monumentaerphes01monagoog_0163.png"; bbox 0 0 3186 4844; ppageno 0'>
   <div class='ocr_carea' id='block_1_1' title="bbox 305 417 1285 478">
    <p class='ocr_par' dir='ltr' id='par_1_1' title="bbox 305 417 1285 478">
     <span class='ocr_line' id='line_1_1' title="bbox 305 417 1285 478; baseline 0.006 -6"><span class='ocrx_word' id='word_1_1' title='bbox 305 417 472 474; x_wconf 83' lang='lat' dir='ltr'>ORONICA</span> <span class='ocrx_word' id='word_1_2' title='bbox 491 418 518 475; x_wconf 88' lang='lat' dir='ltr'><strong>S.</strong></span> <span class='ocrx_word' id='word_1_3' title='bbox 532 417 649 475; x_wconf 77' lang='lat' dir='ltr'><strong>Pu&#39;rm</strong></span> <span class='ocrx_word' id='word_1_4' title='bbox 667 419 930 476; x_wconf 80' lang='lat' dir='ltr'><strong>DRFORDDNSIS</strong></span> <span class='ocrx_word' id='word_1_5' title='bbox 947 419 1144 474; x_wconf 79' lang='lat' dir='ltr'><strong>MODDRNA.</strong></span> <span class='ocrx_word' id='word_1_6' title='bbox 1235 425 1285 478; x_wconf 90' lang='lat'><strong>151</strong></span> 
     </span>
    </p>
   </div>
   <div class='ocr_carea' id='block_1_2' title="bbox 133 608 1285 1129">
    <p class='ocr_par' dir='ltr' id='par_1_2' title="bbox 167 608 1285 862">
     <span class='ocr_line' id='line_1_2' title="bbox 275 608 1285 686; baseline 0.003 -21"><span class='ocrx_word' id='word_1_7' title='bbox 275 610 368 666; x_wconf 86' lang='lat' dir='ltr'><strong>Anno</strong></span> <span class='ocrx_word' id='word_1_8' title='bbox 391 608 518 665; x_wconf 88' lang='lat' dir='ltr'><strong>Domini</strong></span> <span class='ocrx_word' id='word_1_9' title='bbox 541 609 700 668; x_wconf 87' lang='lat' dir='ltr'><strong>DXXVII.</strong></span> <span class='ocrx_word' id='word_1_10' title='bbox 725 612 808 684; x_wconf 88' lang='lat' dir='ltr'><strong>cepit</strong></span> <span class='ocrx_word' id='word_1_11' title='bbox 831 610 906 668; x_wconf 91' lang='lat' dir='ltr'><strong>ordo</strong></span> <span class='ocrx_word' id='word_1_12' title='bbox 935 614 967 668; x_wconf 90' lang='lat' dir='ltr'><strong>et</strong></span> <span class='ocrx_word' id='word_1_13' title='bbox 990 611 1097 686; x_wconf 81' lang='lat' dir='ltr'><strong>regula</strong></span> <span class='ocrx_word' id='word_1_14' title='bbox 1120 611 1285 668; x_wconf 87' lang='lat' dir='ltr'><strong>monacho·</strong></span> 
     </span>
     <span class='ocr_line' id='line_1_3' title="bbox 167 697 1285 758; baseline 0.001 -4"><span class='ocrx_word' id='word_1_15' title='bbox 167 716 238 754; x_wconf 89' lang='lat' dir='ltr'><strong>rum</strong></span> <span class='ocrx_word' id='word_1_16' title='bbox 269 715 288 755; x_wconf 84' lang='lat' dir='ltr'><strong>a</strong></span> <span class='ocrx_word' id='word_1_17' title='bbox 316 697 498 756; x_wconf 84' lang='lat' dir='ltr'><strong>beatissimo</strong></span> <span class='ocrx_word' id='word_1_18' title='bbox 528 698 720 757; x_wconf 78' lang='lat' dir='ltr'><strong>Benedictc⁰</strong></span> <span class='ocrx_word' id='word_1_19' title='bbox 746 699 861 757; x_wconf 87' lang='lat' dir='ltr'><strong>abbate</strong></span> <span class='ocrx_word' id='word_1_20' title='bbox 890 700 923 756; x_wconf 91' lang='lat' dir='ltr'><strong>in</strong></span> <span class='ocrx_word' id='word_1_21' title='bbox 953 699 1060 758; x_wconf 80' lang='lat' dir='ltr'>Monte</span> <span class='ocrx_word' id='word_1_22' title='bbox 1091 697 1221 756; x_wconf 87' lang='lat' dir='ltr'><strong>Cassino</strong></span> <span class='ocrx_word' id='word_1_23' title='bbox 1251 700 1285 755; x_wconf 92' lang='lat' dir='ltr'><strong>in</strong></span> 
     </span>
     <span class='ocr_line' id='line_1_4' title="bbox 167 785 350 862; baseline 0 -18"><span class='ocrx_word' id='word_1_24' title='bbox 167 785 350 862; x_wconf 81' lang='lat' dir='ltr'><strong>Campania.</strong></span> 
     </span>
    </p>

    <p class='ocr_par' dir='ltr' id='par_1_3' title="bbox 274 864 1280 952">
     <span class='ocr_line' id='line_1_5' title="bbox 274 864 1280 952; baseline 0.001 -20"><span class='ocrx_word' id='word_1_25' title='bbox 274 877 367 933; x_wconf 89' lang='lat' dir='ltr'><strong>Anno</strong></span> <span class='ocrx_word' id='word_1_26' title='bbox 391 876 518 932; x_wconf 91' lang='lat' dir='ltr'><strong>Domini</strong></span> <span class='ocrx_word' id='word_1_27' title='bbox 540 876 651 934; x_wconf 84' lang='lat' dir='ltr'><strong>DXOI.</strong></span> <span class='ocrx_word' id='word_1_28' title='bbox 682 882 832 952; x_wconf 90' lang='lat' dir='ltr'><strong>ceperunt</strong></span> <span class='ocrx_word' id='word_1_29' title='bbox 860 877 1075 952; x_wconf 81' lang='lat' dir='ltr'><strong>processiones</strong></span> <span class='ocrx_word' id='word_1_30' title='bbox 1105 876 1138 933; x_wconf 91' lang='lat' dir='ltr'><strong>in</strong></span> <span class='ocrx_word' id='word_1_31' title='bbox 1161 864 1280 934; x_wconf 77' lang='lat' dir='ltr'><strong>Romab</strong></span> 
     </span>
    </p>

    <p class='ocr_par' dir='ltr' id='par_1_4' title="bbox 133 964 1285 1129">
     <span class='ocr_line' id='line_1_6' title="bbox 133 964 1285 1041; baseline 0.002 -21"><span class='ocrx_word' id='word_1_32' title='bbox 133 981 187 1022; x_wconf 83' lang='lat' dir='ltr'><strong>sa</strong></span> <span class='ocrx_word' id='word_1_33' title='bbox 217 965 399 1022; x_wconf 86' lang='lat' dir='ltr'><strong>beatissimo</strong></span> <span class='ocrx_word' id='word_1_34' title='bbox 429 981 512 1040; x_wconf 84' lang='lat' dir='ltr'><strong>papa</strong></span> <span class='ocrx_word' id='word_1_35' title='bbox 536 964 684 1040; x_wconf 84' lang='lat' dir='ltr'><strong>Gregorio</strong></span> <span class='ocrx_word' id='word_1_36' title='bbox 715 969 824 1023; x_wconf 88' lang='lat' dir='ltr'><strong>contra</strong></span> <span class='ocrx_word' id='word_1_37' title='bbox 853 969 976 1041; x_wconf 89' lang='lat' dir='ltr'><strong>pestem</strong></span> <span class='ocrx_word' id='word_1_38' title='bbox 1005 967 1225 1041; x_wconf 83' lang='lat' dir='ltr'><strong>inguinariam,</strong></span> <span class='ocrx_word' id='word_1_39' title='bbox 1253 970 1285 1022; x_wconf 91' lang='lat' dir='ltr'><strong>et</strong></span> 
     </span>
     <span class='ocr_line' id='line_1_7' title="bbox 165 1053 1284 1129; baseline -0.002 -17"><span class='ocrx_word' id='word_1_40' title='bbox 165 1053 335 1112; x_wconf 89' lang='lat' dir='ltr'><strong>abeodem</strong></span> <span class='ocrx_word' id='word_1_41' title='bbox 358 1057 468 1111; x_wconf 86' lang='lat' dir='ltr'><strong>sancto</strong></span> <span class='ocrx_word' id='word_1_42' title='bbox 492 1071 573 1129; x_wconf 88' lang='lat' dir='ltr'><strong>papa</strong></span> <span class='ocrx_word' id='word_1_43' title='bbox 589 1055 732 1112; x_wconf 69' lang='lat' dir='ltr'><strong>ditinum</strong></span> <span class='ocrx_word' id='word_1_44' title='bbox 756 1054 904 1124; x_wconf 86' lang='lat' dir='ltr'><strong>officium,</strong></span> <span class='ocrx_word' id='word_1_45' title='bbox 928 1058 994 1112; x_wconf 86' lang='lat' dir='ltr'><strong>tam</strong></span> <span class='ocrx_word' id='word_1_46' title='bbox 1017 1055 1166 1112; x_wconf 89' lang='lat' dir='ltr'><strong>diurnum</strong></span> <span class='ocrx_word' id='word_1_47' title='bbox 1189 1072 1284 1129; x_wconf 84' lang='lat' dir='ltr'><strong>quam</strong></span> 
     </span>
    </p>
   </div>
   <div class='ocr_carea' id='block_1_3' title="bbox 166 1143 773 1212">
    <p class='ocr_par' dir='ltr' id='par_1_5' title="bbox 166 1143 773 1212">
     <span class='ocr_line' id='line_1_8' title="bbox 166 1143 773 1212; baseline -0.002 -11"><span class='ocrx_word' id='word_1_48' title='bbox 166 1147 368 1212; x_wconf 89' lang='lat' dir='ltr'><strong>nocturnum,</strong></span> <span class='ocrx_word' id='word_1_49' title='bbox 392 1143 426 1199; x_wconf 92' lang='lat' dir='ltr'><strong>in</strong></span> <span class='ocrx_word' id='word_1_50' title='bbox 449 1143 579 1201; x_wconf 87' lang='lat' dir='ltr'><strong>ecclesia</strong></span> <span class='ocrx_word' id='word_1_51' title='bbox 602 1145 773 1202; x_wconf 87' lang='lat' dir='ltr'><strong>ordinatur.</strong></span> 
     </span>
    </p>
   </div>
   <div class='ocr_carea' id='block_1_4' title="bbox 166 1222 1416 1379">
    <p class='ocr_par' dir='ltr' id='par_1_6' title="bbox 166 1222 1416 1379">
     <span class='ocr_line' id='line_1_9' title="bbox 269 1222 1416 1308; baseline -0.001 -20"><span class='ocrx_word' id='word_1_52' title='bbox 269 1233 363 1288; x_wconf 89' lang='lat' dir='ltr'><strong>Anno</strong></span> <span class='ocrx_word' id='word_1_53' title='bbox 372 1231 711 1291; x_wconf 83' lang='lat' dir='ltr'><strong>DominiDCGCXVII.</strong></span> <span class='ocrx_word' id='word_1_54' title='bbox 724 1233 911 1290; x_wconf 82' lang='lat' dir='ltr'><strong>auctoritate</strong></span> <span class='ocrx_word' id='word_1_55' title='bbox 923 1232 1074 1308; x_wconf 82' lang='lat' dir='ltr'><strong>Stephani</strong></span> <span class='ocrx_word' id='word_1_56' title='bbox 1086 1222 1256 1308; x_wconf 69' lang='lat' dir='ltr'><strong>papoIIIIti</strong></span> <span class='ocrx_word' id='word_1_57' title='bbox 1265 1230 1280 1261; x_wconf 81' lang='lat'>⁸</span> <span class='ocrx_word' id='word_1_58' title='bbox 1295 1240 1329 1283; x_wconf 74' lang='lat' dir='ltr'><strong>Cr.</strong></span> <span class='ocrx_word' id='word_1_59' title='bbox 1338 1239 1416 1282; x_wconf 69' lang='lat' dir='ltr'><strong>nrm.</strong></span> 
     </span>
     <span class='ocr_line' id='line_1_10' title="bbox 166 1307 1285 1379; baseline -0.002 -17"><span class='ocrx_word' id='word_1_60' title='bbox 166 1311 195 1362; x_wconf 89' lang='lat' dir='ltr'><strong>in</strong></span> <span class='ocrx_word' id='word_1_61' title='bbox 215 1308 332 1363; x_wconf 87' lang='lat' dir='ltr'><strong>concilio</strong></span> <span class='ocrx_word' id='word_1_62' title='bbox 341 1309 512 1378; x_wconf 77' lang='lat' dir='ltr'><strong>Aquisgrani</strong></span> <span class='ocrx_word' id='word_1_63' title='bbox 530 1327 593 1378; x_wconf 85' lang='lat' dir='ltr'><strong>per</strong></span> <span class='ocrx_word' id='word_1_64' title='bbox 609 1309 801 1364; x_wconf 85' lang='lat' dir='ltr'><strong>Ludewicum</strong></span> <span class='ocrx_word' id='word_1_65' title='bbox 818 1309 919 1363; x_wconf 87' lang='lat' dir='ltr'><strong>Pium</strong></span> <span class='ocrx_word' id='word_1_66' title='bbox 937 1309 1166 1379; x_wconf 74' lang='lat' dir='ltr'><strong>imperatorem,</strong></span> <span class='ocrx_word' id='word_1_67' title='bbox 1184 1307 1285 1361; x_wconf 89' lang='lat' dir='ltr'><strong>filium</strong></span> 
     </span>
    </p>
   </div>
   <div class='ocr_carea' id='block_1_5' title="bbox 131 1386 1284 1646">
    <p class='ocr_par' dir='ltr' id='par_1_7' title="bbox 131 1386 1284 1646">
     <span class='ocr_line' id='line_1_11' title="bbox 131 1386 1284 1467; baseline 0.001 -20"><span class='ocrx_word' id='word_1_68' title='bbox 131 1397 265 1451; x_wconf 83' lang='lat' dir='ltr'><strong>rcKaroh</strong></span> <span class='ocrx_word' id='word_1_69' title='bbox 283 1397 388 1467; x_wconf 80' lang='lat' dir='ltr'><strong>Magni,</strong></span> <span class='ocrx_word' id='word_1_70' title='bbox 415 1397 447 1449; x_wconf 86' lang='lat' dir='ltr'><strong>et</strong></span> <span class='ocrx_word' id='word_1_71' title='bbox 476 1386 952 1466; x_wconf 71' lang='lat' dir='ltr'><strong>persanctumBoniiacium1,</strong></span> <span class='ocrx_word' id='word_1_72' title='bbox 976 1393 1113 1467; x_wconf 89' lang='lat' dir='ltr'><strong>primum</strong></span> <span class='ocrx_word' id='word_1_73' title='bbox 1137 1391 1284 1466; x_wconf 88' lang='lat' dir='ltr'><strong>archiepi-</strong></span> 
     </span>
     <span class='ocr_line' id='line_1_12' title="bbox 166 1480 1284 1557; baseline 0.001 -20"><span class='ocrx_word' id='word_1_74' title='bbox 166 1499 298 1556; x_wconf 80' lang='lat' dir='ltr'><strong>scopum</strong></span> <span class='ocrx_word' id='word_1_75' title='bbox 321 1481 551 1555; x_wconf 85' lang='lat' dir='ltr'><strong>Mogontinum,</strong></span> <span class='ocrx_word' id='word_1_76' title='bbox 583 1482 636 1557; x_wconf 91' lang='lat' dir='ltr'><strong>qui</strong></span> <span class='ocrx_word' id='word_1_77' title='bbox 665 1486 742 1539; x_wconf 92' lang='lat' dir='ltr'><strong>tunc</strong></span> <span class='ocrx_word' id='word_1_78' title='bbox 771 1483 894 1557; x_wconf 82' lang='lat' dir='ltr'><strong>legatus</strong></span> <span class='ocrx_word' id='word_1_79' title='bbox 924 1481 986 1538; x_wconf 79' lang='lat' dir='ltr'><strong>init</strong></span> <span class='ocrx_word' id='word_1_80' title='bbox 1009 1481 1092 1538; x_wconf 90' lang='lat' dir='ltr'><strong>sedis</strong></span> <span class='ocrx_word' id='word_1_81' title='bbox 1115 1480 1284 1556; x_wconf 85' lang='lat' dir='ltr'><strong>apostolice</strong></span> 
     </span>
     <span class='ocr_line' id='line_1_13' title="bbox 166 1562 1284 1646; baseline 0.001 -19"><span class='ocrx_word' id='word_1_82' title='bbox 166 1572 200 1627; x_wconf 93' lang='lat' dir='ltr'><strong>in</strong></span> <span class='ocrx_word' id='word_1_83' title='bbox 231 1568 413 1638; x_wconf 83' lang='lat' dir='ltr'><strong>Germania,</strong></span> <span class='ocrx_word' id='word_1_84' title='bbox 443 1577 539 1646; x_wconf 79' lang='lat' dir='ltr'><strong>regula</strong></span> <span class='ocrx_word' id='word_1_85' title='bbox 565 1577 758 1631; x_wconf 83' lang='lat' dir='ltr'><strong>canonicorum</strong></span> <span class='ocrx_word' id='word_1_86' title='bbox 791 1581 818 1630; x_wconf 85' lang='lat' dir='ltr'><strong>et</strong></span> <span class='ocrx_word' id='word_1_87' title='bbox 844 1575 1050 1643; x_wconf 79' lang='lat' dir='ltr'><strong>canonicarum,</strong></span> <span class='ocrx_word' id='word_1_88' title='bbox 1082 1569 1120 1627; x_wconf 79' lang='lat' dir='ltr'><strong>ut</strong></span> <span class='ocrx_word' id='word_1_89' title='bbox 1152 1562 1284 1646; x_wconf 87' lang='lat' dir='ltr'><strong>liquido</strong></span> 
     </span>
    </p>
   </div>
   <div class='ocr_carea' id='block_1_6' title="bbox 166 1652 1386 1806">
    <p class='ocr_par' dir='ltr' id='par_1_8' title="bbox 166 1652 1386 1806">
     <span class='ocr_line' id='line_1_14' title="bbox 166 1652 1386 1738; baseline 0.001 -22"><span class='ocrx_word' id='word_1_90' title='bbox 166 1657 311 1738; x_wconf 87' lang='lat' dir='ltr'><strong>apparet</strong></span> <span class='ocrx_word' id='word_1_91' title='bbox 345 1653 382 1716; x_wconf 88' lang='lat' dir='ltr'><strong>iu</strong></span> <span class='ocrx_word' id='word_1_92' title='bbox 412 1652 625 1716; x_wconf 88' lang='lat' dir='ltr'><strong>nobilissima</strong></span> <span class='ocrx_word' id='word_1_93' title='bbox 661 1652 806 1718; x_wconf 88' lang='lat' dir='ltr'><strong>ecclesia</strong></span> <span class='ocrx_word' id='word_1_94' title='bbox 835 1652 1208 1738; x_wconf 71' lang='lat' dir='ltr'><strong>Quitillingenburoh2,</strong></span> <span class='ocrx_word' id='word_1_95' title='bbox 1238 1664 1386 1722; x_wconf 63' lang='lat' dir='ltr'><strong>‘demna</strong></span> 
     </span>
     <span class='ocr_line' id='line_1_15' title="bbox 166 1737 939 1806; baseline 0.004 -17"><span class='ocrx_word' id='word_1_96' title='bbox 166 1740 375 1790; x_wconf 84' lang='lat' dir='ltr'><strong>sanctorum</strong></span> <span class='ocrx_word' id='word_1_97' title='bbox 393 1740 503 1804; x_wconf 83' lang='lat' dir='ltr'><strong>patrum</strong></span> <span class='ocrx_word' id='word_1_98' title='bbox 522 1737 675 1805; x_wconf 89' lang='lat' dir='ltr'><strong>scriptis</strong></span> <span class='ocrx_word' id='word_1_99' title='bbox 694 1737 841 1806; x_wconf 84' lang='lat' dir='ltr'><strong>compilata</strong></span> <span class='ocrx_word' id='word_1_100' title='bbox 859 1737 939 1792; x_wconf 86' lang='lat' dir='ltr'><strong>init.</strong></span> 
     </span>
    </p>
   </div>
   <div class='ocr_carea' id='block_1_7' title="bbox 131 1818 1321 2250">
    <p class='ocr_par' dir='ltr' id='par_1_9' title="bbox 131 1818 1321 2250">
     <span class='ocr_line' id='line_1_16' title="bbox 131 1818 1283 1894; baseline 0.003 -21"><span class='ocrx_word' id='word_1_101' title='bbox 131 1835 158 1874; x_wconf 81' lang='lat' dir='ltr'><strong>rs</strong></span> <span class='ocrx_word' id='word_1_102' title='bbox 274 1819 367 1875; x_wconf 91' lang='lat' dir='ltr'><strong>Anno</strong></span> <span class='ocrx_word' id='word_1_103' title='bbox 390 1819 517 1876; x_wconf 85' lang='lat' dir='ltr'><strong>Domini</strong></span> <span class='ocrx_word' id='word_1_104' title='bbox 539 1818 676 1877; x_wconf 67' lang='grc' dir='ltr'><strong>1)(300.θ</strong></span> <span class='ocrx_word' id='word_1_105' title='bbox 704 1819 788 1894; x_wconf 90' lang='lat' dir='ltr'><strong>cepit</strong></span> <span class='ocrx_word' id='word_1_106' title='bbox 814 1821 847 1876; x_wconf 92' lang='lat' dir='ltr'><strong>in</strong></span> <span class='ocrx_word' id='word_1_107' title='bbox 870 1820 997 1877; x_wconf 86' lang='lat' dir='ltr'><strong>heremo</strong></span> <span class='ocrx_word' id='word_1_108' title='bbox 1020 1819 1283 1876; x_wconf 89' lang='lat' dir='ltr'><strong>Wilhelmitarum</strong></span> 
     </span>
     <span class='ocr_line' id='line_1_17' title="bbox 165 1897 1283 1983; baseline 0.001 -19"><span class='ocrx_word' id='word_1_109' title='bbox 165 1908 390 1966; x_wconf 77' lang='lat' dir='ltr'><strong>heremitarum</strong></span> <span class='ocrx_word' id='word_1_110' title='bbox 415 1897 535 1981; x_wconf 60' lang='lat' dir='ltr'><strong>[croci]</strong></span> <span class='ocrx_word' id='word_1_111' title='bbox 560 1909 618 1965; x_wconf 86' lang='lat' dir='ltr'><strong>sub</strong></span> <span class='ocrx_word' id='word_1_112' title='bbox 634 1909 801 1965; x_wconf 91' lang='lat' dir='ltr'><strong>Wilhelmo</strong></span> <span class='ocrx_word' id='word_1_113' title='bbox 825 1909 960 1966; x_wconf 91' lang='lat' dir='ltr'><strong>ducein</strong></span> <span class='ocrx_word' id='word_1_114' title='bbox 982 1908 1153 1983; x_wconf 86' lang='lat' dir='ltr'><strong>Aquitania</strong></span> <span class='ocrx_word' id='word_1_115' title='bbox 1175 1909 1217 1965; x_wconf 86' lang='lat' dir='ltr'><strong>ad</strong></span> <span class='ocrx_word' id='word_1_116' title='bbox 1240 1925 1283 1966; x_wconf 87' lang='lat' dir='ltr'><strong>re·</strong></span> 
     </span>
     <span class='ocr_line' id='line_1_18' title="bbox 165 1996 575 2073; baseline 0.002 -20"><span class='ocrx_word' id='word_1_117' title='bbox 165 1998 274 2073; x_wconf 86' lang='lat' dir='ltr'><strong>gulam</strong></span> <span class='ocrx_word' id='word_1_118' title='bbox 297 1996 379 2054; x_wconf 87' lang='lat' dir='ltr'><strong>beati</strong></span> <span class='ocrx_word' id='word_1_119' title='bbox 403 1997 575 2054; x_wconf 84' lang='lat' dir='ltr'><strong>Benedicti.</strong></span> 
     </span>
     <span class='ocr_line' id='line_1_19' title="bbox 273 2089 1321 2161; baseline -0.002 -17"><span class='ocrx_word' id='word_1_120' title='bbox 273 2091 375 2144; x_wconf 83' lang='lat' dir='ltr'><strong>Anno³</strong></span> <span class='ocrx_word' id='word_1_121' title='bbox 387 2091 519 2144; x_wconf 78' lang='lat' dir='ltr'><strong>Domini⁸</strong></span> <span class='ocrx_word' id='word_1_122' title='bbox 535 2090 701 2146; x_wconf 83' lang='lat' dir='ltr'>MXOVIH.</span> <span class='ocrx_word' id='word_1_123' title='bbox 722 2093 795 2161; x_wconf 89' lang='lat' dir='ltr'><strong>cepit</strong></span> <span class='ocrx_word' id='word_1_124' title='bbox 807 2092 875 2146; x_wconf 90' lang='lat' dir='ltr'><strong>ordo</strong></span> <span class='ocrx_word' id='word_1_125' title='bbox 887 2091 1106 2146; x_wconf 70' lang='lat' dir='ltr'><strong>cisterciensium</strong></span> <span class='ocrx_word' id='word_1_126' title='bbox 1124 2089 1283 2143; x_wconf 82' lang='lat' dir='ltr'><strong>extractus</strong></span> <span class='ocrx_word' id='word_1_127' title='bbox 1294 2103 1321 2142; x_wconf 75' lang='lat' dir='ltr'><strong>io.</strong></span> 
     </span>
     <span class='ocr_line' id='line_1_20' title="bbox 166 2172 1283 2250; baseline 0 -18"><span class='ocrx_word' id='word_1_128' title='bbox 166 2179 199 2232; x_wconf 90' lang='lat' dir='ltr'><strong>et</strong></span> <span class='ocrx_word' id='word_1_129' title='bbox 221 2178 405 2249; x_wconf 84' lang='lat' dir='ltr'><strong>assumptus</strong></span> <span class='ocrx_word' id='word_1_130' title='bbox 429 2192 448 2231; x_wconf 85' lang='lat' dir='ltr'><strong>a</strong></span> <span class='ocrx_word' id='word_1_131' title='bbox 470 2175 579 2250; x_wconf 84' lang='lat' dir='ltr'><strong>regula</strong></span> <span class='ocrx_word' id='word_1_132' title='bbox 600 2172 705 2232; x_wconf 76' lang='lat' dir='ltr'><strong>beatie</strong></span> <span class='ocrx_word' id='word_1_133' title='bbox 725 2175 888 2233; x_wconf 77' lang='lat' dir='ltr'><strong>Benedicti</strong></span> <span class='ocrx_word' id='word_1_134' title='bbox 910 2193 929 2232; x_wconf 89' lang='lat' dir='ltr'><strong>a</strong></span> <span class='ocrx_word' id='word_1_135' title='bbox 953 2176 1090 2250; x_wconf 82' lang='lat' dir='ltr'><strong>Ruperto</strong></span> <span class='ocrx_word' id='word_1_136' title='bbox 1114 2174 1227 2232; x_wconf 87' lang='lat' dir='ltr'><strong>abbate</strong></span> <span class='ocrx_word' id='word_1_137' title='bbox 1250 2175 1283 2232; x_wconf 90' lang='lat' dir='ltr'><strong>in</strong></span> 
     </span>
    </p>
   </div>
   <div class='ocr_carea' id='block_1_8' title="bbox 129 2263 1389 2840">
    <p class='ocr_par' dir='ltr' id='par_1_10' title="bbox 129 2263 1389 2840">
     <span class='ocr_line' id='line_1_21' title="bbox 129 2263 358 2321; baseline 0.017 -5"><span class='ocrx_word' id='word_1_138' title='bbox 129 2264 231 2321; x_wconf 76' lang='lat' dir='ltr'><strong>soBur</strong></span> <span class='ocrx_word' id='word_1_139' title='bbox 275 2263 358 2320; x_wconf 87' lang='lat' dir='ltr'><strong>ndia.</strong></span> 
     </span>
     <span class='ocr_line' id='line_1_22' title="bbox 231 2282 1389 2410; baseline 0.008 -17"><span class='ocrx_word' id='word_1_140' title='bbox 231 2282 357 2394; x_wconf 77' lang='lat' dir='ltr'><strong>gurinno</strong></span> <span class='ocrx_word' id='word_1_141' title='bbox 378 2339 489 2394; x_wconf 90' lang='lat' dir='ltr'><strong>Domini</strong></span> <span class='ocrx_word' id='word_1_142' title='bbox 507 2338 641 2395; x_wconf 69' lang='lat' dir='ltr'><strong>mcxxi</strong></span> <span class='ocrx_word' id='word_1_143' title='bbox 667 2340 832 2410; x_wconf 84' lang='lat' dir='ltr'><strong>Nortpertus</strong></span> <span class='ocrx_word' id='word_1_144' title='bbox 857 2340 1075 2410; x_wconf 75' lang='lat' dir='ltr'><strong>archiepiscopus</strong></span> <span class='ocrx_word' id='word_1_145' title='bbox 1100 2337 1389 2410; x_wconf 63' lang='lat' dir='ltr'><strong>tragediam-ause.</strong></span> 
     </span>
     <span class='ocr_line' id='line_1_23' title="bbox 165 2423 924 2499; baseline -0.004 -16"><span class='ocrx_word' id='word_1_146' title='bbox 165 2428 278 2499; x_wconf 74' lang='lat' dir='ltr'><strong>gensisf</strong></span> <span class='ocrx_word' id='word_1_147' title='bbox 301 2430 406 2496; x_wconf 76' lang='lat' dir='ltr'><strong>claruit,</strong></span> <span class='ocrx_word' id='word_1_148' title='bbox 431 2440 533 2498; x_wconf 85' lang='lat' dir='ltr'><strong>aquo</strong></span> <span class='ocrx_word' id='word_1_149' title='bbox 557 2423 750 2482; x_wconf 88' lang='lat' dir='ltr'><strong>Nortbertini</strong></span> <span class='ocrx_word' id='word_1_150' title='bbox 773 2425 924 2482; x_wconf 88' lang='lat' dir='ltr'><strong>canonici.</strong></span> 
     </span>
     <span class='ocr_line' id='line_1_24' title="bbox 273 2499 1226 2570; baseline 0.002 -17"><span class='ocrx_word' id='word_1_151' title='bbox 273 2501 357 2554; x_wconf 79' lang='lat' dir='ltr'><strong>Anno</strong></span> <span class='ocrx_word' id='word_1_152' title='bbox 376 2501 486 2553; x_wconf 91' lang='lat' dir='ltr'><strong>Domini</strong></span> <span class='ocrx_word' id='word_1_153' title='bbox 504 2499 698 2557; x_wconf 80' lang='lat' dir='ltr'>MGXXVIII.</span> <span class='ocrx_word' id='word_1_154' title='bbox 717 2501 784 2555; x_wconf 88' lang='lat' dir='ltr'><strong>ordo</strong></span> <span class='ocrx_word' id='word_1_155' title='bbox 803 2500 1023 2570; x_wconf 86' lang='lat' dir='ltr'><strong>Templariorum</strong></span> <span class='ocrx_word' id='word_1_156' title='bbox 1043 2499 1226 2555; x_wconf 85' lang='lat' dir='ltr'><strong>confirmatur.</strong></span> 
     </span>
     <span class='ocr_line' id='line_1_25' title="bbox 274 2570 1283 2641; baseline 0 -17"><span class='ocrx_word' id='word_1_157' title='bbox 274 2571 357 2624; x_wconf 81' lang='lat' dir='ltr'><strong>Anno</strong></span> <span class='ocrx_word' id='word_1_158' title='bbox 377 2571 488 2625; x_wconf 91' lang='lat' dir='ltr'><strong>Domini</strong></span> <span class='ocrx_word' id='word_1_159' title='bbox 506 2570 591 2628; x_wconf 83' lang='lat' dir='ltr'><strong>Mcc,</strong></span> <span class='ocrx_word' id='word_1_160' title='bbox 617 2572 690 2641; x_wconf 86' lang='lat' dir='ltr'><strong>cepit</strong></span> <span class='ocrx_word' id='word_1_161' title='bbox 713 2572 780 2626; x_wconf 91' lang='lat' dir='ltr'><strong>ordo</strong></span> <span class='ocrx_word' id='word_1_162' title='bbox 805 2571 902 2626; x_wconf 85' lang='lat' dir='ltr'><strong>domus</strong></span> <span class='ocrx_word' id='word_1_163' title='bbox 920 2571 1089 2625; x_wconf 80' lang='lat' dir='ltr'><strong>Thentonicc</strong></span> <span class='ocrx_word' id='word_1_164' title='bbox 1109 2571 1149 2624; x_wconf 83' lang='lat' dir='ltr'><strong>ab</strong></span> <span class='ocrx_word' id='word_1_165' title='bbox 1168 2571 1283 2640; x_wconf 81' lang='lat' dir='ltr'><strong>impera·</strong></span> 
     </span>
     <span class='ocr_line' id='line_1_26' title="bbox 129 2641 663 2699; baseline 0.004 -3"><span class='ocrx_word' id='word_1_166' title='bbox 129 2647 239 2697; x_wconf 71' lang='lat' dir='ltr'><strong>tutore</strong></span> <span class='ocrx_word' id='word_1_167' title='bbox 258 2641 403 2696; x_wconf 85' lang='lat' dir='ltr'><strong>Heinrico</strong></span> <span class='ocrx_word' id='word_1_168' title='bbox 416 2642 490 2698; x_wconf 67' lang='lat' dir='ltr'><strong>VLS</strong></span> <span class='ocrx_word' id='word_1_169' title='bbox 512 2643 539 2695; x_wconf 91' lang='lat' dir='ltr'><strong>in</strong></span> <span class='ocrx_word' id='word_1_170' title='bbox 558 2644 663 2699; x_wconf 82' lang='lat' dir='ltr'><strong>Accon.</strong></span> 
     </span>
     <span class='ocr_line' id='line_1_27' title="bbox 274 2713 1283 2783; baseline 0 -17"><span class='ocrx_word' id='word_1_171' title='bbox 274 2713 356 2767; x_wconf 80' lang='lat' dir='ltr'><strong>Anno</strong></span> <span class='ocrx_word' id='word_1_172' title='bbox 383 2714 493 2767; x_wconf 90' lang='lat' dir='ltr'><strong>Domini</strong></span> <span class='ocrx_word' id='word_1_173' title='bbox 517 2713 646 2770; x_wconf 80' lang='lat' dir='ltr'><strong>Mccvl.</strong></span> <span class='ocrx_word' id='word_1_174' title='bbox 672 2713 832 2768; x_wconf 77' lang='lat' dir='ltr'><strong>Franciscus</strong></span> <span class='ocrx_word' id='word_1_175' title='bbox 858 2714 931 2782; x_wconf 89' lang='lat' dir='ltr'><strong>cepit</strong></span> <span class='ocrx_word' id='word_1_176' title='bbox 959 2731 1040 2783; x_wconf 83' lang='lat' dir='ltr'><strong>agere</strong></span> <span class='ocrx_word' id='word_1_177' title='bbox 1064 2730 1182 2766; x_wconf 81' lang='lat' dir='ltr'><strong>veram</strong></span> <span class='ocrx_word' id='word_1_178' title='bbox 1206 2713 1283 2782; x_wconf 91' lang='lat' dir='ltr'><strong>peni·</strong></span> 
     </span>
     <span class='ocr_line' id='line_1_28' title="bbox 165 2785 295 2840; baseline 0 0"><span class='ocrx_word' id='word_1_179' title='bbox 165 2785 295 2840; x_wconf 82' lang='lat' dir='ltr'><strong>tenciam.</strong></span> 
     </span>
    </p>
   </div>
   <div class='ocr_carea' id='block_1_9' title="bbox 275 2861 1282 2946">
    <p class='ocr_par' dir='ltr' id='par_1_11' title="bbox 275 2861 1282 2946">
     <span class='ocr_line' id='line_1_29' title="bbox 275 2861 1282 2946; baseline 0 -22"><span class='ocrx_word' id='word_1_180' title='bbox 275 2864 376 2925; x_wconf 84' lang='lat' dir='ltr'><strong>Anno</strong></span> <span class='ocrx_word' id='word_1_181' title='bbox 396 2861 537 2925; x_wconf 91' lang='lat' dir='ltr'><strong>Domini</strong></span> <span class='ocrx_word' id='word_1_182' title='bbox 559 2861 699 2926; x_wconf 82' lang='lat' dir='ltr'>MOOX.</span> <span class='ocrx_word' id='word_1_183' title='bbox 724 2862 816 2946; x_wconf 88' lang='lat' dir='ltr'><strong>cepit</strong></span> <span class='ocrx_word' id='word_1_184' title='bbox 839 2862 923 2926; x_wconf 90' lang='lat' dir='ltr'><strong>ordo</strong></span> <span class='ocrx_word' id='word_1_185' title='bbox 946 2862 1094 2926; x_wconf 83' lang='lat' dir='ltr'><strong>fratrum</strong></span> <span class='ocrx_word' id='word_1_186' title='bbox 1110 2861 1282 2925; x_wconf 87' lang='lat' dir='ltr'><strong>Minorum</strong></span> 
     </span>
    </p>
   </div>
   <div class='ocr_carea' id='block_1_10' title="bbox 130 2949 1284 3104">
    <p class='ocr_par' dir='ltr' id='par_1_12' title="bbox 130 2949 1284 3104">
     <span class='ocr_line' id='line_1_30' title="bbox 166 2949 929 3036; baseline -0.003 -22"><span class='ocrx_word' id='word_1_187' title='bbox 166 2971 187 3014; x_wconf 89' lang='lat' dir='ltr'><strong>a</strong></span> <span class='ocrx_word' id='word_1_188' title='bbox 210 2954 331 3015; x_wconf 84' lang='lat' dir='ltr'><strong>sancto</strong></span> <span class='ocrx_word' id='word_1_189' title='bbox 355 2951 537 3015; x_wconf 84' lang='lat' dir='ltr'><strong>Francisco</strong></span> <span class='ocrx_word' id='word_1_190' title='bbox 560 2951 595 3013; x_wconf 94' lang='lat' dir='ltr'><strong>in</strong></span> <span class='ocrx_word' id='word_1_191' title='bbox 619 2949 709 3014; x_wconf 85' lang='lat' dir='ltr'><strong>valle</strong></span> <span class='ocrx_word' id='word_1_192' title='bbox 733 2950 929 3036; x_wconf 84' lang='lat' dir='ltr'><strong>Spoletana.</strong></span> 
     </span>
     <span class='ocr_line' id='line_1_31' title="bbox 130 3032 1284 3104; baseline 0 -18"><span class='ocrx_word' id='word_1_193' title='bbox 130 3059 157 3098; x_wconf 61' lang='grc' dir='ltr'><strong>,ο</strong></span> <span class='ocrx_word' id='word_1_194' title='bbox 273 3035 356 3087; x_wconf 87' lang='lat' dir='ltr'><strong>Anno</strong></span> <span class='ocrx_word' id='word_1_195' title='bbox 375 3033 485 3086; x_wconf 89' lang='lat' dir='ltr'><strong>Domini</strong></span> <span class='ocrx_word' id='word_1_196' title='bbox 504 3032 648 3089; x_wconf 79' lang='lat' dir='ltr'><strong>Mccxss.</strong></span> <span class='ocrx_word' id='word_1_197' title='bbox 675 3035 748 3103; x_wconf 89' lang='lat' dir='ltr'><strong>cepit</strong></span> <span class='ocrx_word' id='word_1_198' title='bbox 769 3033 836 3087; x_wconf 92' lang='lat' dir='ltr'><strong>ordo</strong></span> <span class='ocrx_word' id='word_1_199' title='bbox 855 3038 960 3088; x_wconf 84' lang='lat' dir='ltr'><strong>sancte</strong></span> <span class='ocrx_word' id='word_1_200' title='bbox 979 3033 1071 3088; x_wconf 85' lang='lat' dir='ltr'><strong>Clare</strong></span> <span class='ocrx_word' id='word_1_201' title='bbox 1089 3033 1216 3104; x_wconf 74' lang='lat' dir='ltr'><strong>virginis</strong></span> <span class='ocrx_word' id='word_1_202' title='bbox 1234 3049 1284 3102; x_wconf 91' lang='lat' dir='ltr'><strong>per</strong></span> 
     </span>
    </p>
   </div>
   <div class='ocr_carea' id='block_1_11' title="bbox 144 3110 861 3194">
    <p class='ocr_par' dir='ltr' id='par_1_13' title="bbox 144 3110 861 3194">
     <span class='ocr_line' id='line_1_32' title="bbox 144 3110 861 3194; baseline -0.004 -19"><span class='ocrx_word' id='word_1_203' title='bbox 144 3144 147 3151; x_wconf 97' lang='lat'><em>·</em></span> <span class='ocrx_word' id='word_1_204' title='bbox 165 3123 277 3176; x_wconf 79' lang='lat' dir='ltr'><strong>beatum</strong></span> <span class='ocrx_word' id='word_1_205' title='bbox 296 3121 472 3175; x_wconf 82' lang='lat' dir='ltr'><strong>Franciscum</strong></span> <span class='ocrx_word' id='word_1_206' title='bbox 491 3111 526 3173; x_wconf 82' lang='lat' dir='ltr'><strong>in</strong></span> <span class='ocrx_word' id='word_1_207' title='bbox 550 3110 640 3174; x_wconf 76' lang='lat' dir='ltr'><strong>valle</strong></span> <span class='ocrx_word' id='word_1_208' title='bbox 665 3110 861 3194; x_wconf 72' lang='lat' dir='ltr'><strong>Spoletana.</strong></span> 
     </span>
    </p>
   </div>
   <div class='ocr_carea' id='block_1_12' title="bbox 166 3197 1282 3501">
    <p class='ocr_par' dir='ltr' id='par_1_14' title="bbox 166 3197 1282 3501">
     <span class='ocr_line' id='line_1_33' title="bbox 273 3197 1282 3284; baseline -0.002 -22"><span class='ocrx_word' id='word_1_209' title='bbox 273 3201 375 3262; x_wconf 85' lang='lat' dir='ltr'><strong>Anno</strong></span> <span class='ocrx_word' id='word_1_210' title='bbox 397 3199 537 3264; x_wconf 91' lang='lat' dir='ltr'><strong>Domini</strong></span> <span class='ocrx_word' id='word_1_211' title='bbox 555 3197 778 3263; x_wconf 79' lang='lat' dir='ltr'>MOCXIIII.</span> <span class='ocrx_word' id='word_1_212' title='bbox 803 3199 894 3284; x_wconf 88' lang='lat' dir='ltr'><strong>cepit</strong></span> <span class='ocrx_word' id='word_1_213' title='bbox 918 3201 1000 3264; x_wconf 90' lang='lat' dir='ltr'><strong>ordo</strong></span> <span class='ocrx_word' id='word_1_214' title='bbox 1024 3199 1282 3263; x_wconf 83' lang='lat' dir='ltr'><strong>Predicatorum</strong></span> 
     </span>
     <span class='ocr_line' id='line_1_34' title="bbox 166 3287 1282 3373; baseline -0.002 -22"><span class='ocrx_word' id='word_1_215' title='bbox 166 3309 187 3351; x_wconf 84' lang='lat' dir='ltr'><strong>a</strong></span> <span class='ocrx_word' id='word_1_216' title='bbox 211 3292 331 3352; x_wconf 85' lang='lat' dir='ltr'><strong>sancto</strong></span> <span class='ocrx_word' id='word_1_217' title='bbox 347 3288 528 3352; x_wconf 89' lang='lat' dir='ltr'><strong>Dominico</strong></span> <span class='ocrx_word' id='word_1_218' title='bbox 552 3289 588 3350; x_wconf 93' lang='lat' dir='ltr'><strong>in</strong></span> <span class='ocrx_word' id='word_1_219' title='bbox 606 3287 784 3373; x_wconf 86' lang='lat' dir='ltr'><strong>Hispania.</strong></span> <span class='ocrx_word' id='word_1_220' title='bbox 820 3287 871 3350; x_wconf 79' lang='lat' dir='ltr'><strong>Ex</strong></span> <span class='ocrx_word' id='word_1_221' title='bbox 894 3289 960 3352; x_wconf 92' lang='lat' dir='ltr'><strong>hiis</strong></span> <span class='ocrx_word' id='word_1_222' title='bbox 980 3287 1165 3372; x_wconf 79' lang='lat' dir='ltr'><strong>colligitur,</strong></span> <span class='ocrx_word' id='word_1_223' title='bbox 1191 3287 1282 3370; x_wconf 91' lang='lat' dir='ltr'><strong>quod</strong></span> 
     </span>
     <span class='ocr_line' id='line_1_35' title="bbox 166 3375 1281 3501; baseline -0.002 -61"><span class='ocrx_word' id='word_1_224' title='bbox 166 3377 342 3441; x_wconf 86' lang='lat' dir='ltr'><strong>Minorum</strong></span> <span class='ocrx_word' id='word_1_225' title='bbox 372 3377 454 3441; x_wconf 87' lang='lat' dir='ltr'><strong>ordo</strong></span> <span class='ocrx_word' id='word_1_226' title='bbox 486 3377 577 3501; x_wconf 67' lang='lat' dir='ltr'><strong>cepit</strong></span> <span class='ocrx_word' id='word_1_227' title='bbox 606 3377 718 3441; x_wconf 89' lang='lat' dir='ltr'><strong>tribus</strong></span> <span class='ocrx_word' id='word_1_228' title='bbox 748 3377 847 3440; x_wconf 88' lang='lat' dir='ltr'><strong>annis</strong></span> <span class='ocrx_word' id='word_1_229' title='bbox 881 3377 1024 3460; x_wconf 82' lang='lat' dir='ltr'><strong>integris</strong></span> <span class='ocrx_word' id='word_1_230' title='bbox 1059 3380 1095 3440; x_wconf 92' lang='lat' dir='ltr'><strong>et</strong></span> <span class='ocrx_word' id='word_1_231' title='bbox 1130 3375 1281 3452; x_wconf 84' lang='lat' dir='ltr'><strong>dimidio,</strong></span> 
     </span>
    </p>
   </div>
   <div class='ocr_carea' id='block_1_13' title="bbox 129 3465 1437 3618">
    <p class='ocr_par' dir='ltr' id='par_1_15' title="bbox 129 3465 1437 3618">
     <span class='ocr_line' id='line_1_36' title="bbox 129 3465 826 3550; baseline 0.004 -26"><span class='ocrx_word' id='word_1_232' title='bbox 129 3469 352 3549; x_wconf 66' lang='lat' dir='ltr'><strong>canteqnam</strong></span> <span class='ocrx_word' id='word_1_233' title='bbox 377 3466 531 3550; x_wconf 89' lang='lat' dir='ltr'><strong>ceperint</strong></span> <span class='ocrx_word' id='word_1_234' title='bbox 579 3465 826 3530; x_wconf 84' lang='lat' dir='ltr'><strong>Predicatcres.</strong></span> 
     </span>
     <span class='ocr_line' id='line_1_37' title="bbox 274 3546 1437 3618; baseline 0.002 -16"><span class='ocrx_word' id='word_1_235' title='bbox 274 3547 440 3618; x_wconf 80' lang='lat' dir='ltr'><strong>Gregorius¹</strong></span> <span class='ocrx_word' id='word_1_236' title='bbox 467 3567 537 3618; x_wconf 82' lang='lat' dir='ltr'><strong>papa</strong></span> <span class='ocrx_word' id='word_1_237' title='bbox 555 3547 613 3602; x_wconf 75' lang='lat' dir='ltr'><strong>Xus</strong></span> <span class='ocrx_word' id='word_1_238' title='bbox 642 3549 669 3602; x_wconf 91' lang='lat' dir='ltr'><strong>in</strong></span> <span class='ocrx_word' id='word_1_239' title='bbox 696 3549 811 3602; x_wconf 88' lang='lat' dir='ltr'><strong>concilio</strong></span> <span class='ocrx_word' id='word_1_240' title='bbox 836 3548 1014 3618; x_wconf 88' lang='lat' dir='ltr'><strong>Lugdunensi</strong></span> <span class='ocrx_word' id='word_1_241' title='bbox 1036 3547 1160 3601; x_wconf 84' lang='lat' dir='ltr'><strong>destituit</strong></span> <span class='ocrx_word' id='word_1_242' title='bbox 1178 3546 1437 3614; x_wconf 51' lang='lat' dir='ltr'><strong>Bertoldnrramsn</strong></span> 
     </span>
    </p>
   </div>
   <div class='ocr_carea' id='block_1_14' title="bbox 129 3705 1283 3919">
    <p class='ocr_par' dir='ltr' id='par_1_16' title="bbox 166 3705 1283 3759">
     <span class='ocr_line' id='line_1_38' title="bbox 166 3705 1283 3759; baseline -0.003 -10"><span class='ocrx_word' id='word_1_243' title='bbox 166 3712 189 3758; x_wconf 79' lang='grc' dir='ltr'><strong>ι)</strong></span> <span class='ocrx_word' id='word_1_244' title='bbox 203 3721 244 3753; x_wconf 81' lang='lat' dir='ltr'><strong>om.</strong></span> <span class='ocrx_word' id='word_1_245' title='bbox 260 3712 278 3750; x_wconf 87' lang='lat' dir='ltr'><strong>l.</strong></span> <span class='ocrx_word' id='word_1_246' title='bbox 334 3709 357 3759; x_wconf 81' lang='lat' dir='ltr'><strong>b)</strong></span> <span class='ocrx_word' id='word_1_247' title='bbox 372 3710 458 3749; x_wconf 73' lang='lat' dir='ltr'><strong>Rhome</strong></span> <span class='ocrx_word' id='word_1_248' title='bbox 473 3710 504 3752; x_wconf 73' lang='lat'><strong>1⁸.</strong></span> <span class='ocrx_word' id='word_1_249' title='bbox 558 3709 579 3759; x_wconf 81' lang='lat' dir='ltr'><strong>c)</strong></span> <span class='ocrx_word' id='word_1_250' title='bbox 593 3711 623 3748; x_wconf 80' lang='lat' dir='ltr'><strong>sic</strong></span> <span class='ocrx_word' id='word_1_251' title='bbox 637 3711 656 3752; x_wconf 88' lang='lat'><strong>1.</strong></span> <span class='ocrx_word' id='word_1_252' title='bbox 670 3709 702 3752; x_wconf 66' lang='grc' dir='ltr'><strong>Ρ.</strong></span> <span class='ocrx_word' id='word_1_253' title='bbox 717 3709 766 3758; x_wconf 84' lang='lat' dir='ltr'><em>(N).</em></span> <span class='ocrx_word' id='word_1_254' title='bbox 781 3709 846 3748; x_wconf 74' lang='lat' dir='ltr'><strong>citor</strong></span> <span class='ocrx_word' id='word_1_255' title='bbox 860 3719 917 3751; x_wconf 83' lang='lat' dir='ltr'><strong>eron.</strong></span> <span class='ocrx_word' id='word_1_256' title='bbox 931 3708 981 3756; x_wconf 75' lang='lat' dir='ltr'><strong>Erf.</strong></span> <span class='ocrx_word' id='word_1_257' title='bbox 1028 3705 1162 3758; x_wconf 62' lang='lat' dir='ltr'><strong>Dimum·</strong></span> <span class='ocrx_word' id='word_1_258' title='bbox 1175 3719 1202 3746; x_wconf 70' lang='lat' dir='ltr'><strong>ar</strong></span> <span class='ocrx_word' id='word_1_259' title='bbox 1216 3708 1283 3746; x_wconf 78' lang='lat' dir='ltr'><strong>Libro</strong></span> 
     </span>
    </p>

    <p class='ocr_par' dir='ltr' id='par_1_17' title="bbox 167 3760 1282 3813">
     <span class='ocr_line' id='line_1_39' title="bbox 167 3760 1282 3813; baseline -0.002 -11"><span class='ocrx_word' id='word_1_260' title='bbox 167 3775 225 3806; x_wconf 68' lang='grc' dir='ltr'><strong>που.</strong></span> <span class='ocrx_word' id='word_1_261' title='bbox 240 3763 297 3812; x_wconf 68' lang='grc' dir='ltr'><strong>Μ,</strong></span> <span class='ocrx_word' id='word_1_262' title='bbox 312 3764 368 3802; x_wconf 72' lang='lat' dir='ltr'><strong>coest</strong></span> <span class='ocrx_word' id='word_1_263' title='bbox 382 3765 400 3805; x_wconf 88' lang='lat'><strong>1.</strong></span> <span class='ocrx_word' id='word_1_264' title='bbox 416 3765 448 3804; x_wconf 75' lang='lat'><strong>1*.</strong></span> <span class='ocrx_word' id='word_1_265' title='bbox 509 3760 530 3813; x_wconf 89' lang='lat' dir='ltr'><strong>e)</strong></span> <span class='ocrx_word' id='word_1_266' title='bbox 544 3764 615 3802; x_wconf 78' lang='lat' dir='ltr'><strong>sancti</strong></span> <span class='ocrx_word' id='word_1_267' title='bbox 630 3765 648 3805; x_wconf 88' lang='lat'><strong>1.</strong></span> <span class='ocrx_word' id='word_1_268' title='bbox 716 3763 875 3812; x_wconf 66' lang='lat' dir='ltr'><strong>sjhdsdeburg.</strong></span> <span class='ocrx_word' id='word_1_269' title='bbox 891 3765 923 3805; x_wconf 76' lang='lat'><strong>1⁸.</strong></span> <span class='ocrx_word' id='word_1_270' title='bbox 984 3760 1008 3812; x_wconf 76' lang='lat' dir='ltr'><strong>g)</strong></span> <span class='ocrx_word' id='word_1_271' title='bbox 1022 3767 1086 3801; x_wconf 82' lang='lat' dir='ltr'><strong>sexto</strong></span> <span class='ocrx_word' id='word_1_272' title='bbox 1101 3763 1119 3803; x_wconf 90' lang='lat'><strong>1.</strong></span> <span class='ocrx_word' id='word_1_273' title='bbox 1182 3761 1204 3810; x_wconf 78' lang='lat' dir='ltr'><strong>h)</strong></span> <span class='ocrx_word' id='word_1_274' title='bbox 1218 3771 1282 3810; x_wconf 82' lang='lat' dir='ltr'><strong>cope-</strong></span> 
     </span>
    </p>

    <p class='ocr_par' dir='ltr' id='par_1_18' title="bbox 129 3815 1282 3919">
     <span class='ocr_line' id='line_1_40' title="bbox 167 3815 1282 3865; baseline -0.004 -9"><span class='ocrx_word' id='word_1_275' title='bbox 167 3823 219 3857; x_wconf 82' lang='lat' dir='ltr'><strong>ruut</strong></span> <span class='ocrx_word' id='word_1_276' title='bbox 233 3819 252 3858; x_wconf 82' lang='lat'><strong>1.</strong></span> <span class='ocrx_word' id='word_1_277' title='bbox 293 3815 309 3856; x_wconf 80' lang='lat' dir='ltr'><strong>ii</strong></span> <span class='ocrx_word' id='word_1_278' title='bbox 323 3817 375 3854; x_wconf 74' lang='lat' dir='ltr'><strong>iaec</strong></span> <span class='ocrx_word' id='word_1_279' title='bbox 389 3837 414 3846; x_wconf 92' lang='lat'><strong>·-</strong></span> <span class='ocrx_word' id='word_1_280' title='bbox 428 3827 485 3858; x_wconf 84' lang='lat' dir='ltr'><strong>nom.</strong></span> <span class='ocrx_word' id='word_1_281' title='bbox 495 3815 626 3856; x_wconf 77' lang='lat' dir='ltr'><strong>Bertoldum</strong></span> <span class='ocrx_word' id='word_1_282' title='bbox 640 3817 717 3855; x_wconf 76' lang='lat' dir='ltr'><strong>habent</strong></span> <span class='ocrx_word' id='word_1_283' title='bbox 732 3818 795 3856; x_wconf 78' lang='lat' dir='ltr'><strong>eiiam</strong></span> <span class='ocrx_word' id='word_1_284' title='bbox 811 3815 869 3865; x_wconf 76' lang='lat' dir='ltr'><strong>2⁸·b,</strong></span> <span class='ocrx_word' id='word_1_285' title='bbox 884 3817 909 3855; x_wconf 76' lang='lat'><strong>2·</strong></span> <span class='ocrx_word' id='word_1_286' title='bbox 919 3819 970 3865; x_wconf 78' lang='lat' dir='ltr'><strong>pori</strong></span> <span class='ocrx_word' id='word_1_287' title='bbox 984 3817 1052 3854; x_wconf 80' lang='lat' dir='ltr'><strong>Iocum</strong></span> <span class='ocrx_word' id='word_1_288' title='bbox 1067 3815 1129 3863; x_wconf 72' lang='lat' dir='ltr'><strong>infra</strong></span> <span class='ocrx_word' id='word_1_289' title='bbox 1139 3815 1219 3864; x_wconf 50' lang='lat'><strong>21⁵2,</strong></span> <span class='ocrx_word' id='word_1_290' title='bbox 1235 3826 1255 3857; x_wconf 77' lang='lat' dir='ltr'><strong>n.</strong></span> <span class='ocrx_word' id='word_1_291' title='bbox 1268 3826 1282 3863; x_wconf 91' lang='lat' dir='ltr'><strong>q</strong></span> 
     </span>
     <span class='ocr_line' id='line_1_41' title="bbox 129 3863 487 3919; baseline -0.003 -11"><span class='ocrx_word' id='word_1_292' title='bbox 129 3863 270 3919; x_wconf 67' lang='lat' dir='ltr'><strong>linaearum,</strong></span> <span class='ocrx_word' id='word_1_293' title='bbox 285 3869 311 3908; x_wconf 70' lang='lat' dir='ltr'><strong>ib</strong></span> <span class='ocrx_word' id='word_1_294' title='bbox 326 3871 349 3907; x_wconf 82' lang='lat' dir='ltr'><strong>in</strong></span> <span class='ocrx_word' id='word_1_295' title='bbox 362 3872 453 3919; x_wconf 70' lang='lat' dir='ltr'><strong>nppmd.</strong></span> <span class='ocrx_word' id='word_1_296' title='bbox 467 3869 487 3913; x_wconf 83' lang='lat'><strong>1,</strong></span> 
     </span>
    </p>
   </div>
   <div class='ocr_carea' id='block_1_15' title="bbox 165 4047 1284 4258">
    <p class='ocr_par' dir='ltr' id='par_1_19' title="bbox 165 4047 1284 4258">
     <span class='ocr_line' id='line_1_42' title="bbox 168 4047 1284 4114; baseline -0.005 -11"><span class='ocrx_word' id='word_1_297' title='bbox 168 4049 194 4114; x_wconf 95' lang='grc'><strong>1)</strong></span> <span class='ocrx_word' id='word_1_298' title='bbox 214 4049 286 4100; x_wconf 79' lang='lat' dir='ltr'><strong>Male</strong></span> <span class='ocrx_word' id='word_1_299' title='bbox 303 4050 458 4100; x_wconf 69' lang='lat' dir='ltr'><strong>conicimus</strong></span> <span class='ocrx_word' id='word_1_300' title='bbox 482 4053 519 4100; x_wconf 77' lang='lat' dir='ltr'><strong>eat</strong></span> <span class='ocrx_word' id='word_1_301' title='bbox 542 4048 612 4100; x_wconf 72' lang='lat' dir='ltr'><strong>loco</strong></span> <span class='ocrx_word' id='word_1_302' title='bbox 636 4049 751 4100; x_wconf 81' lang='lat' dir='ltr'><strong>indiculi</strong></span> <span class='ocrx_word' id='word_1_303' title='bbox 774 4051 803 4100; x_wconf 84' lang='lat' dir='ltr'><strong>in</strong></span> <span class='ocrx_word' id='word_1_304' title='bbox 822 4047 906 4100; x_wconf 80' lang='lat' dir='ltr'><strong>Libro</strong></span> <span class='ocrx_word' id='word_1_305' title='bbox 923 4064 995 4102; x_wconf 69' lang='grc' dir='ltr'><em>ονοπ.</em></span> <span class='ocrx_word' id='word_1_306' title='bbox 1013 4047 1129 4111; x_wconf 80' lang='lat' dir='ltr'><strong>Erfcrd.</strong></span> <span class='ocrx_word' id='word_1_307' title='bbox 1155 4047 1284 4113; x_wconf 75' lang='lat' dir='ltr'><strong>exscripti</strong></span> 
     </span>
     <span class='ocr_line' id='line_1_43' title="bbox 165 4117 1283 4186; baseline -0.003 -15"><span class='ocrx_word' id='word_1_308' title='bbox 165 4119 210 4186; x_wconf 79' lang='lat' dir='ltr'><strong>(A,</strong></span> <span class='ocrx_word' id='word_1_309' title='bbox 230 4118 263 4172; x_wconf 90' lang='lat' dir='ltr'><strong>D.</strong></span> <span class='ocrx_word' id='word_1_310' title='bbox 283 4117 445 4173; x_wconf 77' lang='lat' dir='ltr'><strong>Dccxhn.</strong></span> <span class='ocrx_word' id='word_1_311' title='bbox 467 4161 472 4172; x_wconf 95' lang='lat'>.</span> <span class='ocrx_word' id='word_1_312' title='bbox 494 4119 619 4186; x_wconf 89' lang='lat' dir='ltr'><strong>..cepit</strong></span> <span class='ocrx_word' id='word_1_313' title='bbox 644 4118 711 4171; x_wconf 87' lang='lat' dir='ltr'><strong>crdo</strong></span> <span class='ocrx_word' id='word_1_314' title='bbox 738 4119 930 4172; x_wconf 79' lang='lat' dir='ltr'><strong>canonicorum</strong></span> <span class='ocrx_word' id='word_1_315' title='bbox 957 4124 983 4171; x_wconf 87' lang='lat' dir='ltr'><strong>et</strong></span> <span class='ocrx_word' id='word_1_316' title='bbox 1008 4117 1210 4172; x_wconf 74' lang='lat' dir='ltr'><strong>canonistarum</strong></span> <span class='ocrx_word' id='word_1_317' title='bbox 1233 4133 1283 4184; x_wconf 90' lang='lat' dir='ltr'><strong>per</strong></span> 
     </span>
     <span class='ocr_line' id='line_1_44' title="bbox 166 4187 1281 4258; baseline -0.002 -14"><span class='ocrx_word' id='word_1_318' title='bbox 166 4191 193 4244; x_wconf 93' lang='lat' dir='ltr'><strong>b.</strong></span> <span class='ocrx_word' id='word_1_319' title='bbox 212 4188 385 4242; x_wconf 83' lang='lat' dir='ltr'><strong>Boniiacium</strong></span> <span class='ocrx_word' id='word_1_320' title='bbox 405 4189 432 4241; x_wconf 90' lang='lat' dir='ltr'><strong>iu</strong></span> <span class='ocrx_word' id='word_1_321' title='bbox 452 4187 619 4258; x_wconf 79' lang='lat' dir='ltr'><strong>Theutonin)</strong></span> <span class='ocrx_word' id='word_1_322' title='bbox 638 4205 697 4241; x_wconf 80' lang='lat' dir='ltr'><strong>cum</strong></span> <span class='ocrx_word' id='word_1_323' title='bbox 716 4192 769 4242; x_wconf 85' lang='lat' dir='ltr'><strong>ioco</strong></span> <span class='ocrx_word' id='word_1_324' title='bbox 789 4191 868 4244; x_wconf 81' lang='lat' dir='ltr'><strong>Cron.</strong></span> <span class='ocrx_word' id='word_1_325' title='bbox 887 4189 1013 4244; x_wconf 80' lang='lat' dir='ltr'><strong>Minoris.</strong></span> <span class='ocrx_word' id='word_1_326' title='bbox 1103 4191 1131 4256; x_wconf 81' lang='lat'><strong>2)</strong></span> <span class='ocrx_word' id='word_1_327' title='bbox 1149 4189 1191 4252; x_wconf 79' lang='lat' dir='ltr'><strong>Cf,</strong></span> <span class='ocrx_word' id='word_1_328' title='bbox 1211 4189 1281 4242; x_wconf 71' lang='lat' dir='ltr'><strong>Aac.</strong></span> 
     </span>
    </p>
   </div>
   <div class='ocr_carea' id='block_1_16' title="bbox 128 4261 1283 4471">
    <p class='ocr_par' dir='ltr' id='par_1_20' title="bbox 128 4261 1283 4471">
     <span class='ocr_line' id='line_1_45' title="bbox 167 4261 1281 4328; baseline 0.003 -17"><span class='ocrx_word' id='word_1_329' title='bbox 167 4261 305 4324; x_wconf 76' lang='lat' dir='ltr'><strong>Qscediinb.</strong></span> <span class='ocrx_word' id='word_1_330' title='bbox 324 4277 350 4314; x_wconf 83' lang='lat' dir='ltr'><strong>a.</strong></span> <span class='ocrx_word' id='word_1_331' title='bbox 369 4263 431 4324; x_wconf 80' lang='lat'><strong>816,</strong></span> <span class='ocrx_word' id='word_1_332' title='bbox 456 4261 504 4314; x_wconf 80' lang='lat' dir='ltr'><strong>SS,</strong></span> <span class='ocrx_word' id='word_1_333' title='bbox 524 4261 579 4325; x_wconf 87' lang='lat' dir='ltr'><strong>III,</strong></span> <span class='ocrx_word' id='word_1_334' title='bbox 600 4278 630 4328; x_wconf 86' lang='lat' dir='ltr'><strong>p.</strong></span> <span class='ocrx_word' id='word_1_335' title='bbox 648 4264 691 4316; x_wconf 80' lang='lat'><strong>42.</strong></span> <span class='ocrx_word' id='word_1_336' title='bbox 782 4263 809 4328; x_wconf 86' lang='lat'><strong>3)</strong></span> <span class='ocrx_word' id='word_1_337' title='bbox 828 4261 899 4324; x_wconf 70' lang='lat' dir='ltr'><strong>cuae</strong></span> <span class='ocrx_word' id='word_1_338' title='bbox 924 4263 993 4312; x_wconf 78' lang='lat' dir='ltr'><strong>inter</strong></span> <span class='ocrx_word' id='word_1_339' title='bbox 1018 4275 1042 4315; x_wconf 85' lang='lat' dir='ltr'><strong>a.</strong></span> <span class='ocrx_word' id='word_1_340' title='bbox 1063 4263 1140 4316; x_wconf 83' lang='lat'>1098.</span> <span class='ocrx_word' id='word_1_341' title='bbox 1162 4265 1185 4312; x_wconf 80' lang='lat' dir='ltr'><strong>ct</strong></span> <span class='ocrx_word' id='word_1_342' title='bbox 1204 4262 1281 4316; x_wconf 82' lang='lat'>1200.</span> 
     </span>
     <span class='ocr_line' id='line_1_46' title="bbox 128 4331 1283 4398; baseline 0 -14"><span class='ocrx_word' id='word_1_343' title='bbox 128 4334 287 4384; x_wconf 71' lang='lat' dir='ltr'><strong>comissimis</strong></span> <span class='ocrx_word' id='word_1_344' title='bbox 305 4332 400 4384; x_wconf 73' lang='lat' dir='ltr'><strong>litteris</strong></span> <span class='ocrx_word' id='word_1_345' title='bbox 417 4347 543 4398; x_wconf 64' lang='lat' dir='ltr'><strong>capram</strong></span> <span class='ocrx_word' id='word_1_346' title='bbox 562 4347 621 4383; x_wconf 75' lang='lat' dir='ltr'><strong>mm</strong></span> <span class='ocrx_word' id='word_1_347' title='bbox 640 4332 717 4386; x_wconf 75' lang='grc' dir='ltr'><em>Ονοη.</em></span> <span class='ocrx_word' id='word_1_348' title='bbox 735 4331 843 4384; x_wconf 79' lang='lat' dir='ltr'><strong>Minore</strong></span> <span class='ocrx_word' id='word_1_349' title='bbox 859 4332 1027 4397; x_wconf 78' lang='lat' dir='ltr'><strong>concordant,</strong></span> <span class='ocrx_word' id='word_1_350' title='bbox 1046 4332 1161 4395; x_wconf 77' lang='lat' dir='ltr'><strong>sortasse</strong></span> <span class='ocrx_word' id='word_1_351' title='bbox 1178 4347 1232 4384; x_wconf 81' lang='lat' dir='ltr'><strong>non</strong></span> <span class='ocrx_word' id='word_1_352' title='bbox 1249 4347 1283 4384; x_wconf 75' lang='lat' dir='ltr'><strong>ee</strong></span> 
     </span>
     <span class='ocr_line' id='line_1_47' title="bbox 166 4403 1282 4471; baseline 0.002 -17"><span class='ocrx_word' id='word_1_353' title='bbox 166 4406 235 4471; x_wconf 76' lang='lat' dir='ltr'><strong>ipsa,</strong></span> <span class='ocrx_word' id='word_1_354' title='bbox 254 4403 300 4454; x_wconf 80' lang='lat' dir='ltr'><strong>secl</strong></span> <span class='ocrx_word' id='word_1_355' title='bbox 317 4403 365 4454; x_wconf 79' lang='lat' dir='ltr'><strong>hoc</strong></span> <span class='ocrx_word' id='word_1_356' title='bbox 383 4403 436 4456; x_wconf 83' lang='lat' dir='ltr'><strong>loco</strong></span> <span class='ocrx_word' id='word_1_357' title='bbox 453 4409 476 4454; x_wconf 78' lang='lat' dir='ltr'><strong>et</strong></span> <span class='ocrx_word' id='word_1_358' title='bbox 494 4404 623 4455; x_wconf 78' lang='lat' dir='ltr'><strong>incudem</strong></span> <span class='ocrx_word' id='word_1_359' title='bbox 642 4419 676 4456; x_wconf 80' lang='lat' dir='ltr'><strong>eae</strong></span> <span class='ocrx_word' id='word_1_360' title='bbox 694 4403 812 4455; x_wconf 79' lang='lat' dir='ltr'><strong>indiculo</strong></span> <span class='ocrx_word' id='word_1_361' title='bbox 823 4403 937 4470; x_wconf 80' lang='lat' dir='ltr'><strong>quodum</strong></span> <span class='ocrx_word' id='word_1_362' title='bbox 949 4403 1074 4454; x_wconf 70' lang='lat' dir='ltr'><strong>ordinm</strong></span> <span class='ocrx_word' id='word_1_363' title='bbox 1093 4407 1200 4470; x_wconf 69' lang='lat' dir='ltr'><strong>mempic</strong></span> <span class='ocrx_word' id='word_1_364' title='bbox 1211 4408 1282 4456; x_wconf 76' lang='lat' dir='ltr'><strong>cunt.</strong></span> 
     </span>
    </p>
   </div>
   <div class='ocr_carea' id='block_1_17' title="bbox 0 0 1598 4844">
    <p class='ocr_par' dir='ltr' id='par_1_21' title="bbox 0 0 1598 4844">
     <span class='ocr_line' id='line_1_48' title="bbox 0 0 1598 4844; baseline 0 0"><span class='ocrx_word' id='word_1_365' title='bbox 0 0 1598 4844; x_wconf 95' lang='lat' dir='ltr'><strong> </strong></span> 
     </span>
    </p>
   </div>
  </div>
 </body>
</html>
