3216 4854
233 359 238 368 ¹
316 369 508 429 cnomcsn
527 373 555 431 S.
564 373 681 430 PETRI
693 373 854 432 ERBORD.
872 372 1071 430 APPENDIX
1079 372 1131 430 VI.
1235 375 1288 430 425

172 569 251 634 tum,
268 562 408 622 Osweldi
424 564 516 640 regis,
533 562 679 639 cipriani,
697 563 818 633 ciriaci,
841 563 956 622 Iustini
973 566 1159 637 martyrum.
1195 561 1288 620 Sane·

173 657 277 712 torum
300 669 423 728 quoque
446 653 677 711 confessorum:
710 652 852 729 Gregorii
880 670 970 728 pape,
998 652 1175 710 Innocentii
1196 668 1287 726 pape,

173 743 299 800 Martini
322 741 469 817 episcopi,
493 741 612 800 Nicolai
627 743 773 817 episcopi,
798 741 931 800 Servatii
944 742 1092 816 episcopi,
1115 740 1212 798 Ulrici
1227 740 1289 815 epi-

173 833 271 906 scopi,
301 829 383 888 Lulli
412 832 562 909 episcopi,
592 831 753 889 luventini
782 831 929 906 episcopi,
953 829 1111 888 Ambrosii
1140 829 1287 904 episcopi,

141 919 363 978 oWillibrordi
392 920 541 995 episcopi,
572 921 743 996 Augustini
772 920 919 995 episcopi,
950 919 1111 977 Aureliani
1141 918 1287 993 episcopi,

173 1008 278 1067 Severi
308 1009 455 1084 episcopi,
486 1008 625 1066 Severini
652 1009 799 1084 episcopi,
830 1008 992 1067 Benedicti
1022 1007 1156 1076 abbatis,
1186 1006 1289 1081 Egidii

172 1098 306 1167 abbatis,
330 1097 480 1156 Wieberti
502 1097 701 1167 confessoris,
725 1097 808 1156 Galli
837 1097 1035 1156 contessoris.
1082 1096 1180 1153 Maris
1203 1096 1289 1171 Mag·

172 1187 294 1245 dalene.
329 1185 517 1244 Sanctarum
539 1187 636 1244 etiam
658 1187 816 1262 virginum
838 1204 876 1244 ac
898 1189 1091 1260 martyrum:
1115 1184 1289 1243 Katherine

172 1276 301 1351 virginis
318 1292 354 1333 ac
369 1274 553 1350 martyris⁸,
576 1276 753 1352 Margarete
768 1276 898 1351 virginis
914 1292 951 1333 ac
966 1274 1124 1348 martyris,
1150 1267 1289 1330 *Iuliane
1299 1285 1370 1334 *rra

138 1383 164 1421 ro
172 1365 302 1440 virginis
331 1381 368 1422 ac
398 1365 556 1439 martyris,
580 1362 693 1422 Oecilie
723 1365 853 1440 virginis
879 1381 916 1422 ac
939 1363 1097 1438 martyris,
1121 1361 1288 1420 Anastasia

172 1454 302 1528 virginis
332 1470 368 1512 ac
398 1453 557 1528 martyris,
585 1452 725 1511 Pusinne
751 1453 910 1528 martyris,
934 1453 1077 1510 Eufemie
1099 1451 1229 1526 virginis
1252 1467 1289 1508 ac

173 1543 330 1616 martyris,
354 1541 431 1600 Atre
453 1541 613 1616 martyris,
642 1541 813 1600 Felicitatis
843 1543 1001 1617 martyris,
1024 1533 1200 1600 ‘Scolastioe
1230 1540 1289 1596 vir·

172 1631 265 1706 ginis,
289 1631 413 1706 Pelagie
428 1631 569 1706 virginis,
593 1629 766 1689 Gordrudis
782 1631 922 1706 virginis,
946 1631 1133 1689 Potentiane
1149 1629 1288 1704 virginis,

173 1721 292 1778 cineres
322 1723 503 1778 sanctarum
532 1720 681 1778 undecim
710 1720 832 1777 milium
862 1719 1020 1795 virginum
1050 1736 1123 1777 curn
1150 1718 1288 1786 vasculo,

136 1824 164 1865 ro
173 1809 258 1885 quod
279 1807 380 1867 fertur
402 1825 510 1866 earum
533 1825 612 1867 esse.

280 1888 406 1956 Anno*
429 1891 472 1955 ab
495 1891 733 1957 incarnatione
749 1891 891 1956 Domini
906 1888 1377 1966 M⁰00⁰XXX⁰V1111⁰‚1239.

173 1980 363 2045 indictione
378 1979 479 2057 XII⁸,
496 1979 585 2043 VII·
600 1980 685 2045 Idus
700 1979 851 2064 Augusti
867 1983 1066 2045 consecrata
1089 1982 1142 2044 est
1157 1977 1291 2063 capella
1300 2007 1357 2057 rua.
1367 2008 1386 2050 r.

173 2069 387 2134 infirmorum
416 2090 437 2133 a
461 2067 684 2134 Willehelmo
713 2068 902 2134 venerabili
924 2067 1197 2152 Havelbergensi
1224 2067 1291 2152 epi·

174 2179 277 2242 scopo
299 2157 337 2222 in
360 2159 489 2224 honore
512 2161 711 2223 sanctornm
737 2156 971 2242 apostolorum
995 2161 1031 2223 et
1057 2155 1291 2240 euangelista-

136 2268 250 2311 sorum
274 2247 441 2312 Iohannis
472 2250 507 2312 et
530 2246 674 2311 Mathai.
720 2253 787 2311 Hee
817 2255 924 2311 autem
954 2253 1083 2328 reliquie
1109 2255 1291 2310 sanctorum

175 2342 290 2400 ibidem
314 2343 530 2400 continentur:
555 2341 601 2400 De
624 2342 709 2417 ligno
732 2341 868 2400 Domini.
915 2341 963 2399 De
985 2341 1183 2400 vestimentis
1206 2340 1292 2398 beati

174 2431 258 2488 Petri
273 2431 416 2506 apostoli.
455 2431 596 2506 Reliqnie
616 2434 797 2489 sanctorum
817 2431 1043 2506 apostolorum:
1068 2429 1198 2498 Mathei,
1222 2428 1291 2486 Phi·

175 2520 261 2595 lippi,
285 2519 506 2588 Bartholomei,
530 2519 683 2577 Barnabe.
720 2518 906 2578 Sanctorum
922 2523 1114 2593 martyrum:
1140 2517 1292 2592 Stephani

175 2608 446 2684 prothomartyris,
474 2609 581 2677 Blasii,
606 2607 727 2678 (liniaci,
750 2609 920 2678 Laurentii,
944 2607 1079 2683 Georgii,
1103 2605 1290 2673 Sebastiam,

135 2697 329 2765 ssMauricii,
362 2697 511 2766 Victoris,
551 2696 717 2767 Gereonio,
752 2697 926 2766 Wenezlai,
958 2697 1094 2772 Ypoliti,
1131 2694 1290 2761 Florentii,

175 2787 354 2856 Alexandri,
385 2786 506 2855 Felicis,
537 2786 672 2844 illiorum
703 2789 811 2845 sancte
838 2787 1019 2855 Felicitatis,
1043 2784 1183 2852 Adriani,
1214 2781 1291 2839 Lon·

174 2862 260 2950 ginib
294 2875 413 2944 militis,
441 2875 612 2944 Vincencii,
643 2874 789 2946 Hilarii⁰,
819 2876 982 2945 Antonini,
1014 2873 1187 2941 Benedicti,
1219 2869 1291 2944 Qui-

175 2965 243 3034 rini,
279 2962 425 3022 Orisanti.
480 2963 668 3022 Sanctorum
702 2964 935 3023 confessorum:
972 2958 1110 3022 ‘Nicolai
1143 2959 1290 3037 episcopi,
1301 2982 1331 3029 ιγ.
1339 2983 1370 3022 a.

175 3053 303 3110 Martini
332 3053 479 3129 episcopi,
509 3053 617 3111 Brictii
650 3053 798 3129 episcopi,
828 3053 991 3112 Benedicti
1025 3051 1158 3120 abbatis,
1189 3049 1292 3124 Egidii

138 3142 308 3205 coabbatis.
361 3141 549 3200 Sanctarum
582 3143 756 3218 virginum:
793 3143 916 3212 Ursule,
953 3140 1135 3210 Cristancie,
1168 3138 1291 3206 Felicia,

179 3231 330 3289 Undecim
352 3231 475 3288 milium
497 3231 665 3306 virginum.

282 3558 405 3629 Annod
426 3562 567 3628 Domini
589 3559 917 3627 ΜΟΟΟΟΟΧΙΛῙΙΙΙ0
938 3561 976 3624 in
998 3561 1090 3626 festo
1113 3559 1292 3623 beatorum
1305 3570 1381 3624 1348.

175 3652 410 3738 apostolorum
439 3651 536 3717 Petri
566 3654 601 3716 et
630 3651 733 3716 Pauli
762 3654 999 3717 consecratum
1030 3652 1082 3714 est
1112 3647 1221 3712 altare
1248 3646 1396 3718 adura.

176 3740 397 3826 sepulchrum
421 3741 638 3805 dominorum
661 3740 825 3806 comitum
850 3740 893 3805 de
917 3737 1058 3804 Glichin
1081 3738 1125 3802 ab
1148 3735 1293 3800 Alberto

142 3987 167 4028 es
292 3966 320 4032 *l
336 3967 451 4035 Sequens
472 3969 570 4020 notitiis
595 3967 679 4018 minio
703 3965 786 4019 deleta
810 3971 847 4019 eet
872 3969 995 4018 stmanu
1013 3980 1035 4020 s.
1048 3963 1127 4019 XVI.
1145 3963 1229 4014 minio
1247 3961 1295 4014 cul-

336 4059 484 4124 ecra'ptum:
507 4050 600 4106 Anno
623 4047 750 4106 Domini
776 4047 870 4105 1450.
895 4046 1094 4105 destructum
1116 4045 1187 4103 init.

176 4271 199 4321 a)
212 4269 289 4324 mltffir
301 4269 409 4319 (Basca)
423 4281 440 4313 c.
494 4269 516 4318 b)
531 4267 640 4318 :rlonglnt
655 4267 740 4306 duabus
753 4267 832 4306 litteris
846 4267 915 4306 noste
928 4277 947 4306 c.
988 4267 1009 4313 c)
1023 4267 1045 4304 lu
1059 4267 1104 4306 loco
1118 4275 1179 4308 ruso.
1227 4260 1250 4311 d)
1263 4273 1295 4302 so·

176 4325 424 4420 ffiffifflffl'
438 4322 501 4365 XIV.
521 4323 604 4372 scipta
624 4324 686 4369 oum
706 4331 773 4359 mosu
792 4330 846 4364 sm.
860 4320 924 4364 XVI.
944 4319 1012 4359 minio
1033 4320 1145 4369 adscripta
1166 4317 1239 4361 rutra
1260 4314 1297 4357 Ad
