3246 4866
329 406 520 462 GRONIOAE
533 405 686 464 araim
699 405 860 464 narona.
879 407 1020 464 corni
1040 409 1076 464 A.
1088 411 1165 467 1334.
1255 410 1307 464 367

299 591 424 656 Postea
446 591 484 655 in
506 591 656 656 crastino
675 591 770 656 beati
785 590 915 656 Thome
937 596 1059 657 tenens
1082 591 1209 656 iterum
1233 561 1477 680 con-iffipffip

193 681 367 745 sistorium
391 680 547 764 permisit
565 681 675 764 primo
697 680 875 763 religiosos
898 681 943 744 ad
966 701 1002 746 se
1017 680 1134 745 venire
1158 680 1309 764 prelatos

193 774 399 852 eorumque*
426 772 574 852 quatuor
603 769 763 834 ordinum
793 769 1067 834 mendicantium
1097 789 1175 834 oum
1198 769 1310 832 iratri-

195 859 258 922 bua
281 859 361 936 suia,
386 879 531 941 quorum
555 857 702 941 quilibet
723 858 837 941 ipsum
861 858 1037 922 dominum
1068 879 1193 942 papam
1215 877 1309 922 enoe-

165 941 323 1012 uniaritb
352 968 431 1011 cum
454 947 525 1012 VII
556 947 667 1010 missis
698 968 718 1010 a
746 946 901 1029 quolibet
934 948 1111 1012 sacerdote
1139 947 1309 1010 dictorum

195 1037 364 1100 ordinum.
410 1036 536 1100 Postea
564 1057 644 1100 vero
675 1035 844 1120 generalis
874 1035 1305 1120 Minorum1proponens⁰

194 1125 335 1190 verbum
359 1124 506 1189 aliorum
529 1119 763 1208 sumpsitque‘¹
781 1124 901 1190 thema
921 1125 1063 1206 Quctnor
1079 1129 1154 1188 euni
1175 1121 1466 1192 minimcansom.

195 1220 285 1293 terre,
309 1234 377 1297 quo
392 1215 546 1297 graciose
562 1213 722 1292 deducto,
741 1213 905 1278 formavit
921 1213 1059 1298 publice
1075 1233 1189 1279 coram
1205 1213 1309 1277 omni·

194 1303 259 1366 bus
297 1303 397 1366 istam
433 1303 722 1388 supplicationem
761 1301 826 1367 reli
853 1303 964 1366 'osis⁰:
1003 1295 1065 1366 utf
1103 1301 1309 1366 decretalem

158 1415 185 1453 ιο
196 1391 319 1472 Super*
345 1391 549 1456 cathedram²
571 1394 760 1468 amoveret3
793 1395 827 1457 et
875 1412 937 1475 per
960 1392 1025 1456 hoc
1051 1391 1183 1455 faciens
1207 1391 1311 1456 finem

196 1481 307 1557 dictis,
338 1480 516 1566 respoudit
547 1502 637 1565 papa
662 1481 860 1552 immediate,
888 1481 981 1563 quod
1011 1484 1132 1544 eontra
1161 1479 1311 1544 decreta·

194 1563 279 1633 lem¹
322 1569 514 1653 predictam
546 1569 598 1632 nil
630 1569 737 1635 vellet
771 1569 909 1654 penitus
946 1569 1129 1633 inmutare.
1186 1568 1311 1632 Postea

195 1679 286 1742 papa
308 1662 450 1783 accepto
473 1660 627 1723 themate
659 1656 743 1738 Vidi,
774 1663 803 1721 et
832 1677 897 1722 ecce
926 1663 1062 1738 quotuor
1083 1656 1181 1737 fabri,
1206 1657 1310 1742 appli—
1321 1679 1385 1719 ran.
1396 1680 1414 1724 1,
1423 1678 1456 1716 ro.

195 1747 287 1810 cavit
321 1748 394 1812 sine
451 1748 658 1812 deductione
693 1748 737 1810 ad
771 1746 959 1830 religiosos,
989 1741 1172 1830 qualiter¹,
1204 1751 1311 1809 cnmm

159 1835 261 1919 reipsi
284 1835 353 1899 sint
376 1836 477 1912 fabri,
502 1837 667 1901 deberent
691 1835 862 1920 deponere
889 1836 1033 1900 scoriam
1064 1836 1215 1900 heretice
1239 1855 1311 1918 pra·

194 1924 313 1988 vitatis
337 1928 372 1989 et
394 1925 544 1990 inserere
567 1925 862 2009 pulchritudinem
890 1925 1092 1989 honestatis.
1140 1923 1206 1987 Et²¹
1233 1945 1311 1988 oum

195 2013 260 2077 h'oc
284 2013 433 2092 fecisset,
461 2010 591 2097 [cirita
616 2015 708 2097 quod
739 2008 836 2095 esset]
862 2013 1096 2098 principalius,
1119 2017 1223 2097 prout
1246 2013 1312 2078 sibi

195 2104 379 2180 constaret,
403 2103 495 2167 inter
518 2104 633 2187 capita
655 2103 808 2166 omnium
832 2103 991 2189 ordinum
1015 2102 1138 2166 beatus
1160 2102 1312 2166 Domini-

196 2211 256 2255 cus
280 2195 385 2274 caput
403 2191 662 2256 Predicatorum
679 2213 781 2275 quam
805 2191 961 2267 aliorum,
986 2194 1022 2256 et
1044 2191 1175 2275 incepit
1198 2191 1311 2274 legere

158 2303 186 2342 so
195 2279 395 2344 horribilem
425 2279 619 2359 lectionem,
652 2281 769 2345 dicens
800 2301 835 2345 se
865 2300 1005 2344 noscere
1035 2279 1168 2362 aliquos
1198 2301 1312 2344 coram

196 2389 236 2433 eo
267 2371 399 2433 stantes
428 2370 465 2433 in
495 2370 680 2453 presencia,
706 2370 749 2434 de
779 2373 867 2452 quol’
895 2372 1008 2433 certus
1038 2372 1136 2446 essct,
1162 2369 1253 2451 quod
1275 2369 1311 2432 in

195 2458 291 2522 brevi
321 2461 442 2522 contra
465 2458 587 2536 Deum,
619 2461 739 2522 contra
768 2478 868 2521 suum
898 2460 1037 2534 statum,
1063 2460 1184 2522 contra
1207 2458 1313 2522 bonos

197 2561 317 2624 mores,
342 2549 463 2611 eontra
486 2550 620 2611 statuta
642 2551 848 2624 sanctorum,
874 2550 994 2610 contra
1017 2567 1149 2610 sacram
1171 2547 1313 2630 scriptu-

195 2656 279 2712 ram,
304 2639 340 2700 et
369 2637 460 2718 quod
490 2636 621 2720 magisq
646 2639 835 2720 reputaret,
867 2639 987 2699 contra
1016 2655 1114 2698 suam
1144 2636 1314 2700 conscien-

159 2725 284 2788 rsciam
314 2725 517 2802 tenuissent,
546 2725 780 2809 predicassent
810 2729 870 2788 aer
898 2724 1114 2808 scripsissent
1144 2724 1313 2788 hereticas

196 2813 434 2878 conclusiones
456 2813 569 2897 turpis
592 2813 679 2878 lueri
695 2813 820 2897 gracia,
843 2813 976 2878 scilicet
991 2815 1131 2897 propter
1150 2812 1314 2878 affectum

196 2905 276 2966 seu⁸
305 2903 502 2986 potenciam
523 2903 611 2966 talia
634 2899 879 2986 predicantis²;
904 2905 940 2967 et
963 2901 1114 2966 addidit:
1150 2900 1313 2967 ‘Caveant

195 2990 295 3068 tales,
325 3013 368 3056 ne
398 2992 435 3056 in
466 3012 587 3056 manus
617 2996 752 3055 nostras
782 2991 939 3055 incidant
969 3012 1048 3055 curn
1080 2991 1209 3055 talibus
1244 2991 1313 3055 suis

196 3080 343 3163 scriptis,
376 3084 411 3146 et
442 3081 527 3144 scire
559 3079 687 3145 debent
716 3101 779 3144 noa
808 3085 899 3144 nonu
925 3079 1001 3144 fore
1024 3078 1221 3165 pacientes’.
1268 3078 1314 3142 at

159 3168 445 3234 minteilexerunt
475 3168 653 3246 astantes,
684 3169 777 3252 quod
807 3169 849 3233 de
879 3168 977 3232 nulio
1003 3169 1054 3232 ita
1077 3168 1315 3253 principaliter

93 3249 416 3323 ⁸1²·⁴⁵⁷··intenderet
447 3259 538 3322 sicut
573 3257 615 3322 de
645 3258 799 3342 generali
832 3257 1016 3334 Minorum,
1047 3278 1149 3340 quem
1183 3277 1413 3322 summeurae.

196 3347 327 3410 odivitv
354 3349 435 3412 ante.
459 3349 623 3432 papatum
648 3350 790 3430 propter
812 3367 909 3411 suam
925 3346 1250 3411 determinacionem
1271 3344 1314 3410 de

196 3435 386 3513 animabus,
411 3437 525 3500 sicutw
549 3438 585 3500 et
608 3455 725 3499 omnes
749 3435 873 3500 detali
896 3435 1041 3500 materia
1056 3434 1236 3518 loquentes
1253 3455 1313 3518 pro

196 3524 358 3608 opinione
393 3544 481 3608 pape
511 3524 670 3589 mortui³.
717 3524 818 3607 Ipse¹
849 3545 939 3609 papa
973 3525 1127 3588 restituit
1161 3523 1314 3589 ecclesiis

160 3715 218 3764 πα)
232 3715 322 3754 iliorum
336 3715 411 3764 Lsob.;
432 3714 477 3754 iiiio
491 3714 554 3757 (ἔθην.
622 3713 645 3765 b)
658 3715 774 3755 exsulavit
786 3717 851 3758 conr.
904 3717 925 3761 c)
938 3715 1052 3764 proposuit
1066 3715 1131 3753 Conr.
1186 3712 1209 3764 d)
1223 3714 1316 3762 sumpsit

197 3769 260 3810 conr.
318 3771 339 3816 e)
353 3770 384 3807 sic
398 3771 408 3807 1
424 3771 443 3807 et
457 3769 555 3808 conradi
570 3769 616 3808 cod.
631 3769 731 3817 Vitrdob.,·
745 3769 899 3820 reugiosorum
913 3769 1010 3809 conradi
1023 3768 1084 3807 codd.
1099 3766 1165 3810 Vario.
1179 3771 1198 3805 ct
1212 3767 1314 3806 Hannon.

196 3823 260 3869 oric
273 3823 351 3870 donar
365 3823 466 3872 quintam
481 3823 491 3860 1
506 3823 544 3869 (aa
557 3805 580 3872 i,
602 3826 626 3860 nt
639 3823 741 3872 Maur).
808 3821 831 3872 g)
851 3823 882 3861 eie
895 3824 973 3870 oonr.,·
994 3831 1061 3871 snpra
1076 3823 1094 3862 1.
1169 3820 1192 3869 h)
1211 3832 1238 3860 ac
1253 3821 1315 3862 Conr.

196 3876 213 3924 i)
227 3877 258 3914 εἰσ
272 3875 350 3926 Oonr.,·
370 3873 431 3926 quod
444 3876 566 3915 wutraiem
581 3877 600 3915 1.
668 3875 853 3926 inoperetur.
922 3875 938 3927 i)
952 3873 1012 3924 quoti
1025 3875 1090 3916 conr.
1149 3873 1181 3922 m)
1194 3875 1225 3913 stc
1239 3875 1316 3922 Com„-

198 3930 275 3972 om.1‚
322 3927 345 3980 n)
359 3927 403 3968 Sed
417 3930 482 3972 cm.
536 3927 558 3978 ο)
572 3929 632 3967 uncis
645 3929 696 3968 incl.
712 3941 753 3972 om.
767 3931 787 3980 1,
802 3940 829 3968 aa
843 3929 908 3972 Oonr,
921 3930 1001 3978 sappi„
1016 3929 1054 3978 qut
1066 3927 1142 3967 nubet.-
1156 3927 1220 3978 dixit,
1236 3927 1315 3977 quod

160 3983 239 4021 iosibi
254 3987 373 4032 tonsuret,
397 3983 457 4030 quod
478 3983 538 4022 inter
556 3982 656 4021 omnia
670 3984 744 4032 capita
757 3983 854 4022 omnium
868 3983 970 4022 ordinum
984 3982 1006 4025 b.
1019 3983 1085 4021 Dom.
1100 3985 1160 4020 esset
1174 3986 1242 4030 caput
1255 3982 1315 4032 priu-

197 4036 291 4086 cipaiius
312 4035 510 4086 principalis
532 4035 616 4076 ordinis
638 4037 771 4076 fratrum
790 4033 884 4086 Predic.,
900 4037 979 4077 atina
1046 4037 1069 4084 p)
1090 4035 1155 4074 stri.
1171 4037 1249 4082 Gonr.‚·
1271 4036 1316 4076 io.

197 4090 263 4132 unde.
318 4089 425 4138 mumius
441 4089 538 4129 Gonrcdi
551 4089 594 4128 duo
608 4089 668 4131 codd.
735 4093 754 4139 r)
768 4093 791 4128 et
805 4090 869 4131 Gonr.
929 4087 949 4139 r)
963 4088 1000 4128 vei
1014 4089 1079 4128 conr.
1144 4091 1162 4136 t)
1177 4089 1314 4140 predicantes

197 4144 261 4185 Conr.
315 4143 339 4194 u)
354 4153 395 4186 ont.
409 4143 473 4186 Oonr.
533 4145 556 4190 r)
569 4143 600 4181 eit
614 4143 633 4185 1.
647 4142 710 4182 Oonr.
771 4144 801 4190 tr)
814 4143 846 4182 eie
859 4143 923 4186 conr.
937 4141 985 4190 (uti
998 4146 1021 4181 et
1034 4145 1100 4192 ont.),·
1120 4141 1171 4183 Sint
1185 4145 1204 4185 1.
1257 4143 1280 4188 x)
1294 4145 1315 4179 et

197 4198 246 4246 ipse
260 4197 324 4240 Conr.

161 4323 225 4387 tol)
242 4321 359 4374 Menan
375 4322 406 4374 de
425 4321 531 4375 Getone.
602 4322 631 4388 2)
652 4319 793 4384 Bonifatii
806 4321 885 4372 VIII.
913 4321 1065 4387 Extrema.
1084 4334 1212 4373 commun.
1231 4317 1247 4371 1.
1261 4317 1316 4382 III,

197 4396 237 4447 tii.
257 4396 283 4459 t,
308 4408 329 4448 ο.
347 4395 373 4448 2.
446 4394 474 4460 3)
495 4392 626 4444 Iohannis
644 4391 738 4446 XXII.
