3200 4844
576 1297 933 1422 oeconomo,

299 1504 386 1590 Cum
423 1519 577 1587 Oronicas
612 1521 646 1586 S.
679 1521 770 1586 Petri
802 1523 1032 1601 Ersordensem
1066 1523 1251 1588 modernam
1284 1530 1314 1588 et

186 1609 587 1676 Reinlrordsbrunnensem
618 1609 656 1674 in
688 1609 884 1692 Scriptorum
918 1617 997 1675 tomo
1022 1609 1143 1674 XXX.
1175 1612 1312 1677 edendus

179 1719 426 1781 memorerm,
458 1698 602 1779 oportuit,
633 1705 668 1762 ut
690 1697 860 1763 annalium
889 1697 927 1763 in
949 1697 993 1762 iis
1015 1699 1243 1781 exscriptorum
1259 1695 1312 1764 ¹rel

185 1809 259 1854 urm
282 1787 333 1851 his
356 1787 583 1870 quodammodo
607 1785 839 1852 cohaerentium
870 1793 898 1852 et
921 1793 1084 1852 auctorum
1107 1788 1162 1870 qui
1185 1810 1240 1854 eos
1263 1809 1311 1853 eu-

179 1877 370 1958 pilouerunt
399 1875 519 1940 codices
552 1897 652 1940 monn
681 1875 815 1956 scriptos
846 1875 959 1940 multos
991 1877 1188 1958 adhiberem,
1217 1884 1253 1942 nt
1283 1883 1313 1942 et

184 1971 305 2029 tentum
334 1985 446 2029 eorum
468 1970 622 2045 errantum
644 1963 718 2043 fieri
743 1970 868 2044 poterut
891 1963 1087 2029 restituerem
1109 1973 1139 2030 et
1160 1965 1311 2047 prroostic

183 2073 244 2118 nes
269 2051 398 2118 criticos
421 2053 579 2118 solverem.
628 2051 741 2134 Itaque
764 2052 873 2132 euenit,
897 2059 933 2116 ut
955 2053 1102 2119 Annales
1116 2055 1311 2136 Erplresfur-

183 2148 290 2206 tenses
319 2147 416 2207 anteo
444 2141 482 2205 in
506 2139 704 2222 Scriptorum
728 2140 820 2206 tomis
846 2141 905 2204 VI.
929 2149 959 2206 et
982 2139 1084 2206 XVI.
1116 2150 1145 2207 et
1168 2143 1223 2207 hos
1245 2142 1310 2226 qui-

183 2232 259 2294 dem
292 2251 358 2294 nou
391 2229 502 2294 idonce
536 2235 628 2311 atque
657 2227 891 2311 imprudentius
920 2229 1026 2312 editos,
1059 2237 1124 2296 tum
1157 2231 1312 2296 Oronicus

183 2317 451 2400 Enpellmsionos
480 2338 580 2382 novoe
608 2316 741 2384 editioni
773 2317 839 2382 iom
865 2339 970 2399 poene
996 2325 1133 2400 puratos
1155 2319 1309 2399 dulmen,

183 2407 285 2472 etiam
308 2405 403 2470 Libri
433 2405 630 2472 cronicorum
653 2405 866 2485 Erfordensis
895 2406 1035 2472 codicum
1057 2407 1210 2473 maiorem
1233 2429 1311 2489 por-

183 2503 250 2560 tem
281 2493 487 2575 contulissem,
519 2516 589 2560 cum
618 2493 693 2559 illae
721 2493 875 2560 Oroniooe
905 2494 987 2576 tppis
1016 2497 1180 2561 durentur.
1232 2495 1311 2561 &rm

181 2583 290 2666 ipitur
311 2589 462 2648 statutum
485 2589 570 2664 esset,
594 2589 629 2647 ut
651 2583 794 2664 pretioso
817 2583 875 2648 illo
905 2583 1042 2649 &unico
1072 2585 1106 2650 S.
1132 2583 1221 2649 Petri
1250 2604 1310 2648 mo-

182 2675 292 2738 derno
313 2671 351 2736 in
374 2672 434 2737 loc
458 2671 634 2736 collectione
656 2670 770 2736 iterum
794 2673 945 2752 ederetur,
971 2672 1096 2737 collecto
1118 2672 1178 2737 illo
1202 2672 1309 2737 omnio

181 2761 222 2826 iu
248 2759 381 2825 scriniis
404 2760 523 2825 nostris
546 2760 643 2825 lotere
667 2758 761 2842 dolui,
786 2780 885 2841 quere
907 2767 1069 2826 exsecutus
1091 2783 1169 2841 sum,
1197 2768 1232 2826 ut
1254 2761 1311 2827 ltoe

181 2841 344 2936 oduuino
382 2869 487 2914 outnes
525 2849 659 2914 onnolm
697 2855 726 2912 et
763 2848 982 2914 chronicorum
1020 2849 1096 2914 libri
1131 2849 1310 2930 Erfurdioe

180 2959 270 3002 suec.
296 2935 386 3000 XII.
412 2935 524 3000 XIII.
552 2936 654 3002 XIV.
685 2936 856 3019 conscripti
885 2937 942 3003 troo
964 2937 1121 3002 columine
1144 2938 1310 3020 coninnpe-

181 3031 310 3090 rentur.
353 3025 444 3106 erod
464 3031 500 3089 ut
521 3027 619 3106 tieret,
643 3025 803 3090 munimus
825 3025 915 3090 labor
937 3029 1084 3104 restolot,
1108 3033 1143 3091 ut
1171 3026 1311 3092 Cronieo

183 3115 308 3180 Minor
329 3137 351 3178 o
378 3113 514 3195 quodam
536 3115 641 3193 fratre
670 3113 796 3179 ordinis
819 3113 990 3179 Minorum
1013 3115 1210 3194 Erfordensi
1233 3137 1309 3179 corn-

176 3201 302 3286 posito,
326 3201 416 3267 cuius
438 3201 608 3267 dimidiam
631 3202 699 3280 fere
721 3208 847 3285 portem
870 3209 944 3268 unte
969 3203 1045 3285 plus
1068 3203 1183 3286 cipinti
1206 3225 1310 3268 onnes

182 3293 222 3358 in
241 3291 438 3373 Scriptorum
460 3295 540 3354 tomo
558 3289 697 3355 XXIV.
721 3311 949 3372 recensuerom,
974 3292 1101 3374 intepro
1124 3313 1193 3357 cum
1213 3291 1308 3356 conti-

180 3379 395 3446 nuationibus
417 3378 484 3444 eim
499 3386 786 3462 recopuosceretur;
808 3401 903 3462 quom
919 3401 1046 3461 operum
1062 3379 1161 3446 taedii
1177 3381 1310 3462 plenem

182 3470 234 3534 cel
255 3467 376 3532 incitus
398 3467 435 3532 in
457 3489 505 3532 me
526 3467 657 3548 urscepi,
682 3468 826 3550 quamuis
847 3468 904 3533 troc
920 3489 1010 3550 opere
1033 3470 1073 3534 ab
1094 3467 1171 3532 otiis
1193 3467 1309 3533 studiis

182 3555 378 3622 necessariis
395 3577 457 3637 per
479 3577 600 3620 annum
623 3555 691 3635 sere
713 3557 903 3621 retraherem
939 3558 1018 3621 Tum
1042 3556 1195 3622 Chronici
1211 3558 1308 3622 Sono-

183 3645 257 3711 nici
285 3643 479 3710 uniuersalis
508 3644 774 3710 continuationem
797 3667 819 3709 o-
842 3644 1012 3711 Ludeuico
1034 3645 1186 3712 Weilond
1214 3647 1241 3711 b.
1265 3667 1307 3709 m.

183 3733 307 3800 editore
326 3732 560 3814 Thurinpioom
583 3731 657 3797 olim
681 3733 807 3815 dictam,
831 3755 926 3816 quom
950 3733 1129 3813 Erfordioe
1152 3735 1307 3817 conscrip

183 3830 254 3888 tom
277 3843 342 3887 esse
359 3820 598 3904 perspexissem,
623 3821 755 3908 audiui,

297 3911 391 3975 Nora
406 3909 531 3991 quidem
553 3916 646 3993 atque
667 3909 791 3974 inedito
814 3911 918 3976 odlim
941 3912 1034 3976 lector
1051 3911 1249 3993 paucissimo
1271 3911 1309 3977 in

184 4000 245 4065 lroc
259 3997 417 4064 uolumine
438 3997 585 4080 inueniet,
609 3998 797 4080 appendices
819 3998 962 4065 uidelicet
980 4000 1135 4066 Oronicoe
1151 4000 1306 4082 Minoris,

189 4087 363 4154 Gronieom
401 4086 677 4169 Enpellusionom
716 4087 746 4168 I,
785 4095 929 4170 exempto
967 4088 1136 4168 stellione,
1175 4089 1309 4170 denique

186 4177 294 4242 breues
322 4174 516 4258 reliquorum
548 4175 701 4241 librorum
728 4183 839 4257 portes
872 4175 994 4242 nullius
1020 4177 1067 4242 uel
1089 4177 1225 4242 minoris
1246 4197 1307 4242 mo·

185 4263 294 4344 menti,
326 4286 384 4330 nec
416 4271 521 4330 tomen
552 4285 623 4330 uere
654 4263 739 4329 edito
765 4264 830 4330 dici
854 4265 959 4347 potuit
985 4265 1140 4331 Ormticue
1163 4265 1309 4330 Minoris

182 4375 265 4435 pars
283 4353 388 4436 pnior,
412 4374 508 4434 quom
531 4353 581 4418 Io.
601 4351 761 4419 Pistorius
784 4353 858 4418 olim
881 4375 919 4418 ex
941 4375 1005 4419 rino
1028 4355 1109 4418 libro
1131 4352 1241 4417 mutilo
1264 4360 1309 4418 ot-
