3186 4844
279 285 331 338 144
420 279 586 336 ORONIOA
604 281 632 337 S.
645 281 761 336 PETRI
778 281 1040 338 ERFORDENSIS
1057 282 1253 340 MODERNA.

278 485 376 546 neque
399 463 434 528 iu
452 465 488 528 E
507 485 605 544 neque
630 463 667 529 in
695 463 832 530 Granico
856 465 1234 546 &Petromantulum
1258 485 1391 546 quorum

278 554 356 617 dms
384 553 421 617 iu
450 552 615 634 archetypo
646 552 761 618 codicis
790 553 825 617 E
852 553 989 619 extitisse
1023 555 1144 619 ostendi
1175 553 1228 618 ‘N.
1252 553 1390 619 Archiu'

280 640 384 722 XXI,
402 663 437 723 p.
455 646 519 705 455
535 662 591 722 sq„
615 641 670 706 ubi
691 647 942 723 12452—458.
967 643 1067 724 plura
1090 645 1128 707 de
1150 643 1206 708 hoe
1228 642 1308 707 libra
1331 641 1392 706 dis-

277 729 373 794 serui.
420 729 595 810 Eoennlar
623 731 739 794 harum
762 731 907 812 partium
930 730 1045 796 codicis
1068 732 1114 795 M
1138 753 1159 796 a
1181 731 1264 796 socio
1286 737 1393 796 nostro

278 819 323 882 H.
340 817 481 882 Bithmor
502 818 653 898 saeptum
676 819 779 884 codice
801 819 912 884 collato
934 820 1105 885 emendavi.
1402 847 1417 884 s

383 907 438 970 Ea
460 907 606 972 chronico
628 908 823 986 &fordensi
846 908 962 973 codicis
976 909 1017 989 E,
1040 909 1096 973 sed
1117 930 1156 973 eu
1177 907 1303 974 meliore
1325 907 1393 972 eius

278 995 381 1060 codice
397 1017 505 1076 pauca
520 995 623 1061 nescio
639 1016 699 1077 quo
714 1003 847 1078 ternpore
862 1003 1006 1078 eacerpta
1021 1004 1103 1076 suut,
1122 995 1253 1078 quaein
1271 998 1393 1062 duabus

283 1083 428 1150 Orouicis
450 1084 703 1163 Erfordeusibus
733 1085 878 1150 chronico
903 1085 1080 1150 universali
1111 1085 1297 1150 Theoderici
1325 1085 1392 1149 En·

275 1173 385 1255 aelhus
413 1171 450 1237 iu
479 1171 579 1237 tribus
608 1172 764 1238 codicibus
792 1173 982 1256 subiunctis,
1006 1174 1099 1253 infra
1122 1174 1226 1254 editis,
1255 1195 1293 1238 ea
1320 1173 1391 1239 Oro

278 1261 351 1326 nica
376 1262 409 1326 S.
426 1261 517 1326 Petri
537 1262 684 1343 profecta
706 1263 852 1344 leyuntur
880 1269 909 1328 et
938 1283 1007 1328 cum
1037 1263 1114 1328 aliis
1136 1262 1309 1328 curialibus
1331 1263 1392 1326 Er·
1403 1288 1429 1326 ιο

277 1350 479 1429 fordeusibus
502 1350 645 1414 breuibus
668 1352 833 1416 coniuncta
856 1357 938 1415 surct.

383 1439 467 1520 Ena.
487 1438 522 1520 I)
547 1439 674 1520 siauaoi
697 1439 876 1504 Oronioam
901 1441 1152 1518 Erfordensem,
1176 1461 1256 1520 quae
1279 1439 1392 1521 leaitur

277 1527 314 1592 in
344 1527 446 1592 codice
476 1526 675 1591 bibliothecae
704 1527 810 1609 reciae
838 1528 1091 1594 Dresdensis
1113 1529 1139 1593 I
1151 1535 1202 1608 47,
1233 1530 1311 1592 mbr.
1334 1528 1390 1607 fol.

277 1636 358 1681 saec.
377 1615 413 1679 X
420 1615 455 1696 V,
479 1615 707 1696 fi79—80‘1,
731 1616 785 1680 ubi
806 1617 903 1698 prius
925 1618 1076 1698 excerptis
1099 1617 1222 1699 eoiaids
1252 1615 1393 1682 chronici

278 1703 394 1770 codicis
408 1704 443 1768 E
464 1725 494 1768 a.
514 1710 748 1768 1036-1351.
773 1705 899 1786 smiptis
916 1707 1016 1787 paeda
1032 1713 1105 1788 post
1126 1706 1191 1770 siae
1210 1706 1279 1770 alia
1293 1726 1428 1770 manua

278 1793 342 1858 sive
358 1794 465 1858 eadem
480 1815 579 1856 mnu
602 1791 667 1858 alio
682 1800 858 1858 atramento
879 1817 939 1860 usa
956 1795 1150 1878 praaenpu'
1170 1802 1244 1860 sunt
1259 1794 1392 1858 annales

278 1883 383 1946 broces
405 1881 619 1960 Erfudenses
641 1903 671 1945 a.
688 1887 888 1962 438-842,
912 1883 1080 1949 subiuncta
1102 1885 1269 1948 eorundem
1291 1903 1391 1946 auna-

278 1970 356 2034 lium
380 1969 539 2051 posterior
556 1991 638 2051 pars
661 1993 690 2034 a.
711 1977 794 2035 1066
807 1975 968 2036 -1213,2
1012 1972 1068 2036 En·
1090 1973 1145 2037 hoc
1168 1971 1271 2036 codice
1292 1971 1392 2036 multa

284 2057 437 2124 (ironicae
463 2057 558 2122 huius
579 2059 792 2137 Erforclensrs
814 2060 970 2142 descripta
999 2067 1073 2126 sunt
1101 2060 1137 2125 iu
1159 2059 1392 2141 Erphurde'ano

278 2146 502 2228 antiquitatum
526 2147 705 2228 Variloquo.
766 2178 769 2186 ·
1401 2174 1429 2213 so

384 2236 468 2317 Ena.
502 2235 563 2316 II)
601 2235 729 2318 monaci
767 2238 946 2303 (ironicam
985 2239 1202 2306 Erfordensis
1241 2239 1391 2302 civitatis

277 2346 307 2388 a.
322 2329 524 2418 438—1422
539 2324 658 2408 (1423),
681 2345 761 2406 quae
784 2332 885 2390 exstat
910 2327 946 2390 iu
969 2325 1072 2392 codice
1095 2325 1295 2391 bibliothecae
1319 2325 1391 2390 civi-

278 2412 353 2478 tatis
380 2413 726 2495 Hannooerauae,
757 2415 856 2479 chart.
887 2415 941 2494 fal.
978 2437 1058 2480 saec.
1084 2415 1162 2494 XV,
1194 2414 1268 2478 olim
1302 2415 1391 2479 h'bro

278 2507 466 2567 conventus
495 2503 641 2567 fratrum
666 2503 840 2568 Minorum
870 2506 905 2567 in
930 2503 1121 2588 Gottingen
1145 2504 1181 2567 H
1197 2509 1226 2578 5,
1256 2503 1391 2568 Theode-

277 2590 339 2655 rioi
360 2590 525 2672 Enaelhus
547 2590 693 2656 chronico
715 2591 917 2672 subirructa³,·
939 2592 994 2658 ubi
1009 2599 1154 2674 excerpta
1176 2591 1283 2658 breuia
1306 2592 1428 2656 chron

277 2679 343 2744 niei
366 2679 481 2744 coelicis
502 2679 544 2761 E,
568 2681 738 2746 acciendum
760 2680 902 2745 ordinem
925 2701 1083 2746 auno-rum
1105 2681 1267 2762 disposita,
1291 2679 1392 2744 mixta

277 2774 351 2832 suut
372 2789 442 2832 cum
464 2766 531 2832 illis
553 2768 725 2833 antiatibus
745 2769 998 2848 Erfordeusibus
1020 2769 1171 2851 breuibus,
1196 2769 1251 2850 qui
1272 2768 1309 2833 in
1332 2769 1391 2832 hac

278 2925 305 2977 S.
330 2924 405 2975 Petri
434 2939 458 2978 o.
490 2927 566 2979 1231.
597 2925 633 2976 ad
662 2941 687 2978 a.
716 2927 792 2980 1331.
823 2926 998 2994 asumpserit.
1046 2925 1085 2976 Dc
1115 2927 1198 2977 codice
1227 2925 1391 2977 bibliothecae

277 2997 453 3060 mensuratus
479 2995 656 3058 Erfurameu
685 2996 708 3050 Ι.
733 2999 757 3051 6.
789 2998 887 3049 eosdem
917 2997 984 3049 locos
1015 2996 1087 3059 soleo
1113 3013 1138 3049 a.
1164 2999 1240 3050 1331.
1271 2996 1391 3062 adscrip-

277 3072 317 3118 tos
341 3068 485 3118 continuus
509 3066 625 3132 aliosque
646 3069 823 3133 paucissimos
848 3069 926 3133 locos,
953 3071 1001 3135 qui
1024 3070 1053 3118 iu
1071 3067 1099 3117 E
1120 3075 1144 3119 et
1162 3068 1197 3119 Μ
1217 3072 1334 3132 endunt,
1354 3067 1428 3130 otoo

277 3138 322 3191 ‘N.
342 3137 453 3188 Arehic'
472 3137 557 3203 XXI,
579 3153 608 3203 p.
628 3140 681 3193 454
693 3154 743 3205 sa,
769 3155 796 3192 u,
817 3142 840 3192 l.
926 3140 952 3204 1)
974 3139 1077 3190 Eadem
1103 3139 1216 3191 Orontoo
1241 3137 1391 3201 &fordeu-

277 3211 314 3262 aa
342 3209 437 3274 leaitur
464 3211 494 3260 in
518 3209 602 3260 codice
625 3209 767 3260 chronicon
797 3209 947 3262 Theodmioi
970 3209 1108 3276 Ertaelhus
1131 3211 1274 3260 continente
1298 3209 1391 3260 biblio-

277 3281 363 3332 thecae
379 3283 469 3343 renisu
486 3279 698 3331 Haunooerauae
715 3279 767 3334 XI.
787 3283 847 3346 673,
874 3281 959 3332 chart.
977 3282 1025 3344 fot,
1044 3296 1109 3334 saec.
1125 3280 1157 3331 X
1161 3281 1191 3345 V,
1218 3281 1389 3344 fiir-752

276 3355 326 3419 qni
342 3367 374 3404 ecc
392 3352 438 3404 hoo
457 3351 525 3403 libro
544 3351 691 3403 ormana
706 3351 852 3418 desoruptus
871 3358 915 3406 ost.
951 3353 992 3403 De
1010 3353 1092 3404 codice
1110 3351 1264 3402 Monacensi
1283 3350 1391 3403 eandem

278 3424 418 3475 Orouicrm
436 3424 580 3475 continente
603 3422 660 3473 m'cle
678 3423 756 3485 iufra
783 3426 811 3474 in
833 3424 1003 3490 promotione
1021 3424 1151 3476 editionis.
1225 3423 1251 3487 2)
1273 3422 1427 3484 Οιιοναηιω

277 3495 418 3546 annalium
433 3510 503 3560 pars
520 3497 609 3545 maior
626 3496 741 3546 caunmic
758 3510 816 3545 mem
834 3495 977 3561 aaneudice
994 3500 1017 3544 et
1036 3495 1224 3546 additamentis
1236 3493 1316 3544 Libri
1332 3507 1390 3544 cro·

276 3569 397 3617 uicorum
416 3565 601 3629 Erfordensis,
628 3565 703 3615 editis
722 3581 739 3614 a
759 3565 785 3618 0.
805 3565 899 3617 Weuelr
916 3567 946 3616 in
964 3565 1100 3620 ‘Zeitschr¹
1119 3565 1145 3616 d.
1163 3565 1192 3618 V.
1212 3565 1231 3627 f.
1256 3564 1390 3628 Thurina.

279 3636 368 3689 Gesch.
388 3637 423 3689 N.
437 3636 479 3689 F)
493 3636 542 3699 IV,
558 3653 586 3703 p.
600 3637 762 3691 248-250.
782 3638 944 3691 228—230.
963 3644 987 3688 et
1005 3637 1092 3699 iufra.
1146 3635 1174 3703 3)
1194 3635 1284 3688 Huius
1295 3635 1390 3686 codicis

276 3708 347 3771 solia
371 3709 492 3758 numeris
517 3723 570 3759 nou
596 3709 703 3772 siartota
726 3714 797 3760 suut.
834 3707 881 3758 Ex
905 3708 1062 3774 apaaropho
1086 3707 1159 3758 malo
1182 3706 1263 3757 huius
1287 3707 1389 3769 codicis,

276 3779 347 3845 quod
370 3778 442 3828 bonit
467 3784 527 3829 tuuc
552 3779 668 3828 actitrsse
692 3780 721 3828 iu
746 3777 900 3829 bibliotheca
926 3779 952 3832 S.
973 3779 1067 3830 &ucis
1084 3777 1295 3842 Haunooerano,
1322 3777 1426 3828 haum

278 3849 418 3901 &animur
436 3848 823 3912 hairibannatorem,
847 3848 895 3903 SS.
913 3865 1005 3900 rerum
1026 3851 1152 3901 German.
1171 3848 1210 3912 II,
1236 3848 1281 3901 ool.
1302 3850 1387 3903 561—

277 3923 338 3984 566,
356 3936 423 3972 ustis
439 3919 587 3984 examplari
604 3919 638 3970 ab
655 3919 692 3973 Io.
708 3920 739 3974 G.
759 3919 792 3970 ab
810 3920 931 3971 Eclehart
949 3922 1054 3988 scripto.
1089 3920 1127 3970 Et
1145 3920 1331 3987 apaarophum
1348 3934 1390 3970 ro

276 4007 335 4043 cens
352 3995 410 4044 eius
427 3993 457 4042 in
476 3991 597 4041 munibus
613 3991 671 4053 sere
682 3991 783 4042 mendis
801 3997 824 4041 et
843 3992 947 4044 lacunis
964 4008 1021 4042 cum
1041 3991 1152 4043 editione
1164 3991 1314 4042 Mouchenii
1330 4005 1389 4042 coru·

277 4064 399 4126 cordam,
417 4064 462 4113 oui
473 4063 673 4128 praescriptum
684 4068 737 4113 aet:
755 4060 847 4113 Mecum
860 4061 960 4114 codicis
974 4062 1040 4116 bibl.
1054 4061 1082 4117 S.
1093 4060 1187 4114 Crucis
1199 4059 1389 4124 Humorem,

277 4141 338 4184 aute
354 4133 449 4185 multos
466 4147 551 4183 anuos
568 4135 597 4184 in
616 4147 694 4183 uorum
712 4139 832 4184 nostrum
849 4133 879 4186 V.
894 4134 932 4187 ΟΖ.
952 4134 990 4188 W.
1008 4133 1177 4185 Wottenbach
1194 4135 1332 4200 ‹lesu-ipsit
1357 4141 1425 4184 cneo

276 4205 408 4256 uolumine
431 4205 589 4256 collectionis
614 4203 796 4255 Cerrouiauae
819 4203 990 4256 Bruuueusis
1014 4221 1040 4259 o.
1060 4209 1101 4270 ll,
1128 4221 1198 4257 nunc
1226 4206 1254 4255 iu
1281 4203 1389 4255 archivo

271 4277 437 4342 prouinciali
453 4274 611 4326 Bromumsi
626 4282 735 4328 seruato.
