3248 4856
378 349 496 406 LIBER
520 349 771 409 ORONIOORUM
788 353 1056 411 ERFORDENSIS.
1227 361 1281 414 725

161 556 230 600 rem
253 534 432 613 Erfordiae
460 534 631 618 scripsisse,
663 557 732 602 ann
756 537 851 615 infra
872 535 1047 604 mdammus
1066 557 1136 602 snm
1158 535 1278 603 eosdem

164 626 241 689 duos
264 622 362 689 libros
384 623 511 689 Montis
534 624 568 690 8.
589 623 679 690 Petri
701 623 913 705 Ersordensts
935 624 1126 707 adbibuisse,
1151 645 1228 708 quos
1250 633 1278 692 st

163 719 273 778 auctor
300 711 453 778 Oroniom
476 712 621 778 Minoris
649 712 817 796 exscripsit
825 715 846 795 1,
873 719 903 778 et
924 713 980 780 boo
1003 715 1276 796 continuatorem

163 801 246 882 quod
273 799 367 881 infra
395 800 568 866 uidebimus
594 822 649 867 sen
671 801 824 868 librorum
852 823 952 867 manu
974 801 1161 884 scriptorum
1183 803 1279 869 buius

138 889 274 972 asperis,
299 909 375 972 qnos
397 890 553 972 babemus,
577 897 641 956 tres
663 890 842 971 Erfordiae
863 889 996 972 serratos
1017 893 1112 956 esse&
1263 966 1267 974 ,

273 977 448 1045 Cuiusdam
469 977 592 1062 aolloaii
612 980 837 1046 monachorum
865 979 913 1044 rel
934 978 1077 1059 fratrum
1097 979 1277 1046 mendican-

162 1067 241 1132 tium
262 1067 311 1132 osl
325 1067 421 1133 etiam
437 1067 620 1133 obrioornm
634 1069 830 1151 reaularium
844 1069 1015 1134 membrum
1029 1067 1131 1148 fuisse
1146 1077 1278 1152 apparet

162 1161 327 1236 auctorati,
351 1155 466 1238 quiin
488 1157 632 1222 clausula
654 1155 731 1222 libri
754 1158 896 1223 consilio
927 1161 962 1222 eb
985 1178 1123 1222 assensu
1148 1159 1277 1242 praela·

161 1249 276 1310 borum
306 1265 434 1308 morum
463 1245 547 1310 buno
576 1266 608 1310 se
637 1245 774 1310 edidisse
796 1245 922 1327 dixerit,
951 1265 1049 1326 nsque
1072 1252 1176 1311 tanuen
1198 1247 1277 1312 satis

124 1339 252 1414 10paret,
277 1331 368 1398 onius
390 1331 556 1415 reliaionis
584 1334 632 1399 ool
662 1333 786 1399 ordinis
815 1333 924 1414 fuerit.
970 1335 1122 1400 Fratrem
1150 1335 1277 1400 ordinis

162 1421 423 1487 Praedicatorum
451 1443 520 1486 eum
549 1421 649 1502 fuisse
679 1422 806 1504 primus
836 1423 881 1487 K.
905 1423 1117 1488 Herrmann³
1146 1423 1274 1506 sensuit,

161 1510 213 1574 oni
228 1531 334 1574 munes
355 1509 411 1592 qui
434 1512 471 1576 de
494 1509 550 1577 boo
573 1531 663 1593 opera
684 1511 879 1593 sorr'pserunt
901 1511 1024 1577 assensi
1046 1513 1150 1577 sunu.
1187 1513 1278 1594 Quod

160 1605 195 1662 ut
219 1599 378 1680 probaret,
407 1598 513 1664 attulit
539 1599 578 1664 in
606 1598 778 1666 annalibus
806 1600 888 1665 libro
916 1600 1065 1666 subnexis
1097 1601 1135 1666 ds
1164 1600 1276 1666 ordine

162 1685 424 1752 Praedicatmum
438 1688 574 1768 fundato
597 1695 626 1754 et
640 1689 835 1770 confirmato,
859 1689 897 1754 de
919 1695 1070 1755 conventu
1092 1710 1198 1754 sorum
1213 1690 1274 1755 Fr·

123 1774 287 1854 ssfordiae
309 1781 483 1842 oonstnroto
505 1777 639 1842 reatum
661 1799 734 1859 esse,
759 1779 815 1842 sed
835 1779 942 1843 eodan
964 1777 1088 1843 ibidan
1103 1779 1140 1843 de
1162 1778 1274 1859 fratri-

161 1866 218 1929 bus
239 1863 426 1930 Minoribus
454 1867 607 1931 adnotata
635 1872 717 1947 sunt,
748 1887 846 1948 neque
874 1872 979 1931 tamen
1001 1872 1158 1932 amtorem
1180 1866 1275 1932 buius

161 1951 287 2017 ordinis
306 1953 441 2033 fratrem
455 1953 578 2032 fuisso⁵
599 1953 669 2020 iuro
691 1953 838 2020 censebis.
872 1954 1118 2037 Aliquantulum
1140 1954 1275 2020 maioris

159 2041 307 2106 momemi
340 2048 393 2123 est,
428 2045 512 2124 quod
539 2043 729 2108 Hermiona
757 2043 863 2108 adnlit
895 2045 940 2109 ad
972 2043 1150 2126 opinionem
1183 2065 1274 2110 suam

153 2132 363 2212 probandam,
387 2130 425 2196 in
446 2138 585 2197 eutroma
609 2138 704 2214 porte
730 2131 808 2198 libri
828 2132 928 2197 multa
951 2134 988 2198 de
1010 2131 1177 2220 haereticis
1199 2154 1274 2198 nor·

119 2226 233 2286 sorota
255 2239 329 2301 esso,
357 2225 386 2284 ot
408 2223 492 2302 quod
514 2221 559 2285 K.
582 2220 700 2287 Wenalr
723 2221 858 2286 ostendit
879 2221 955 2287 basa
978 2221 1087 2286 omnia
1113 2242 1151 2286 sa
1173 2221 1273 2287 Libro

160 2310 196 2372 do
229 2310 322 2374 rebus
354 2308 659 2374 mernorobdioribus
689 2308 842 2376 Heinrioi
871 2311 909 2375 de
938 2309 1123 2374 Heroordia
1156 2310 1273 2388 fratris

160 2396 284 2462 ordinis
306 2396 568 2463 Praedicatorum
590 2397 748 2480 easoripta
776 2418 850 2479 esse,
877 2397 1014 2464 manime
1044 2419 1113 2464 oum
1135 2398 1212 2463 baso
1234 2419 1273 2462 ea
1330 2455 1335 2466 .

160 2484 239 2550 libro
262 2485 415 2551 Heinrioi
444 2493 588 2568 excerpta
616 2507 682 2552 esse
710 2486 886 2566 videantur,
917 2492 1086 2566 antequam
1115 2485 1167 2551 bio
1193 2485 1272 2550 tiber

160 2574 331 2638 ederetur⁶.
376 2575 487 2657 Neque
516 2581 620 2640 tamen
649 2574 705 2640 boa
733 2580 855 2640 constat
875 2594 940 2655 neo,
964 2573 993 2638 si
1016 2579 1179 2654 constaret,
1203 2579 1270 2638 tan·

122 2667 225 2728 istam
247 2661 310 2726 rim
332 2662 465 2744 baberet,
489 2669 524 2728 ut
544 2663 620 2728 inde
642 2667 798 2729 ouatorsm
820 2662 921 2742 fuisse
942 2661 1077 2740 fratrem
1100 2660 1270 2726 Praedica-

159 2755 256 2816 torsm
284 2758 365 2816 osrto
394 2751 538 2817 concludi
559 2758 674 2834 posset.
720 2751 824 2816 Immo
852 2749 919 2815 iam
944 2749 1118 2832 aliquando
1140 2749 1271 2816 monni⁷

158 2838 339 2922 neutrauam
353 2840 489 2920 fratrem
503 2840 629 2906 ordinis
643 2839 906 2905 Praedicatorum
920 2837 1031 2904 baberi
1046 2859 1141 2920 posse
1154 2838 1268 2920 uirum,

157 2927 213 3009 qui
240 2929 297 2994 sub
329 2949 360 2993 a.
387 2934 481 2993 1247.
512 2927 676 3010 empserit
703 2931 740 2993 in
763 2929 819 2993 die
849 2949 874 2993 s.
899 2928 1124 2994 Bonifacii
1146 2931 1269 3010 proin

157 3017 213 3082 die
236 3038 262 3082 s.
279 3018 514 3098 Dominiei,
538 3024 573 3082 ut
595 3018 687 3084 babet
712 3015 850 3083 Orouion
872 3015 1104 3082 Reinbardsbr.
1127 3016 1183 3082 illo
1206 3018 1270 3082 looo

116 3105 323 3188 mersoripta.
357 3107 425 3172 Neo
442 3127 520 3172 sone
541 3106 677 3189 suppetit
697 3105 790 3185 ratio,
814 3106 898 3170 unde
912 3111 993 3170 serto
1008 3111 1144 3171 statuere
1152 3105 1267 3188 possis,

157 3194 247 3258 ouius
269 3194 395 3260 ordinis
415 3195 515 3275 fuerit
537 3201 655 3276 auctor,
679 3195 734 3260 sed
755 3193 785 3259 si
808 3193 1003 3260 amieoturae
1024 3193 1188 3276 indulyere
1210 3193 1268 3274 vis,

156 3303 177 3346 a
200 3303 272 3347 oero
294 3305 359 3349 non
381 3283 479 3348 nimis
501 3283 671 3348 abbonem
693 3283 806 3365 opinor
824 3303 894 3348 oum
915 3282 1001 3348 inter
1015 3302 1120 3346 seruos
1141 3289 1270 3348 sanctos

157 3370 290 3436 Mariae
312 3372 527 3453 Eufordenses
548 3371 657 3452 fuisse.
705 3371 783 3438 Oion
804 3371 890 3438 enim
911 3372 949 3437 de
971 3368 1103 3452 reliquis
1126 3370 1270 3436 munibus

156 3459 323 3526 ordinibus
343 3459 503 3543 reliaiosis
517 3461 696 3541 Erfurdiaa
717 3459 927 3526 residentibus
948 3460 985 3526 in
1007 3458 1180 3526 annalibus
1202 3458 1268 3523 sub·

114 3548 247 3618 maenis
280 3570 319 3614 oa
351 3550 419 3615 sola
451 3549 593 3615 retulerit
621 3571 701 3631 quae
733 3549 801 3614 iam
830 3548 950 3631 scripta
982 3546 1113 3630 invenit,
1144 3547 1270 3613 addidit

155 3659 186 3703 a.
213 3643 308 3702 1310.
335 3637 528 3703 monialibus
549 3639 637 3721 apud
658 3644 787 3722 portam
809 3637 1048 3720 Krompbsntor
1070 3655 1201 3718 somam
1223 3657 1268 3700 re·

153 3725 329 3793 sidentibus
357 3733 449 3809 atque
477 3726 552 3792 indo
581 3726 782 3810 transpositis
810 3726 931 3807 fratres
952 3725 1129 3792 Marianos
1154 3745 1268 3792 anses-

154 3899 183 3969 1)
202 3900 244 3965 Cf·
261 3916 349 3968 aspra
368 3917 398 3969 p.
418 3902 479 3958 487.
497 3902 550 3957 489
562 3917 600 3968 so.
679 3901 707 3971 2)
727 3899 802 3964 Quod
820 3901 856 3956 K.
874 3900 977 3966 Wmotr,
997 3897 1143 3953 ‘Zsimalsrss
1157 3916 1187 3966 p.
1208 3899 1267 3954 197.
1289 3899 1296 3916 ’

153 3971 306 4026 obianum,
395 3971 425 4038 3)
449 3971 521 4026 Bibl.
540 3972 693 4037 Risui-tina
712 3989 742 4040 p.
760 3972 803 4027 81.
901 3971 930 4038 4)
957 3969 986 4025 O.
1005 3970 1091 4035 Poros,
1110 3969 1170 4022 ‘Dio
1187 3969 1268 4021 Bain-

109 4059 143 4098 4⁰
153 4041 291 4096 bardtsbr.
306 4041 563 4096 Gosobiabtsbllobsr'
578 4059 608 4109 p.
619 4045 668 4108 133
688 4041 738 4097 Ott.
751 4042 864 4108 Larasa
880 4039 945 4105 UO.
958 4041 1006 4094 dar
1017 4041 1133 4094 Pnooina
1144 4039 1268 4092 Sodmm'

152 4113 178 4176 Ι,
189 4115 213 4177 1,
237 4131 265 4182 p.
286 4115 352 4182 198;
376 4114 412 4168 K.
429 4113 533 4180 Wemlr,
553 4113 742 4180 ‘astudam’
760 4115 890 4182 1³·52⁸l·
909 4117 932 4166 ot
951 4111 1096 4165 ‘zamae’
1111 4127 1141 4178 p.
1160 4113 1211 4166 189
1228 4127 1267 4177 so.

153 4187 181 4251 5)
211 4185 265 4250 Qui
285 4185 405 4238 ordinem
423 4185 643 4239 Praedicatorum
665 4191 726 4238 anu
749 4184 869 4238 ordinem
887 4183 1026 4236 Minorum
1050 4183 1195 4247 fundatum
1215 4197 1269 4234 assa

152 4255 263 4322 dixerit,
282 4256 353 4323 quod
369 4257 474 4320 fratros
491 4256 609 4310 Minores
625 4259 794 4322 nequinum.
872 4256 900 4323 6)
918 4254 958 4308 Do
975 4270 1029 4321 qna
1046 4256 1195 4322 quaestions
1212 4252 1270 4305 uida

152 4326 233 4389 infra
253 4329 356 4393 11728
373 4343 411 4394 sq.
484 4328 511 4398 7)
531 4327 574 4381 (Ν.
592 4326 708 4380 Arabio'
725 4326 806 4392 XXI,
826 4344 857 4394 p.
875 4327 937 4393 288,
963 4343 990 4380 n.
1009 4328 1034 4381 3.
