3240 4858
342 381 396 436 200
479 373 646 432 ORONIOA
659 374 688 430 S.
697 371 814 429 PETRI
825 369 1089 428 ERFORDENSIS
1101 371 1192 428 MOD.
1211 374 1248 428 A.
1259 375 1336 430 1287.

255 542 487 661 {ffjringiam
506 559 693 623 honorifice
709 561 887 642 susceptus
903 559 955 622 est
978 557 1021 622 ab
1044 557 1138 621 omni
1162 556 1253 621 clero
1277 560 1312 620 et
1331 556 1458 640 populo

315 643 455 714 'tocius
485 648 635 712 civitatis
658 646 885 729 Erphordie⁸.
932 645 1072 710 Vocatis
1102 645 1209 729 igitur
1239 644 1282 709 ab
1307 665 1347 709 eo
1370 645 1458 730 prin·

343 737 476 821 cipibus
498 741 589 802 terre
612 739 648 800 et
670 734 788 799 liberis
811 738 846 799 et
866 733 1148 798 ministerialibus
1163 733 1349 818 multisque
1365 734 1458 799 nobi·

342 826 443 904 libus,
468 825 560 910 oepit
583 845 661 889 oum
685 823 734 889 eis
756 826 906 887 mantare
925 822 968 888 de
983 843 1077 907 paee,
1102 822 1183 905 quia
1205 823 1273 886 iam
1297 843 1359 906 per
1373 822 1457 886 mul·

341 920 396 978 tos
426 935 532 978 annos
561 913 722 978 incendia
752 916 787 977 et
818 912 938 996 rapine
967 915 1003 976 et
1027 912 1240 976 vastaciones
1269 912 1306 974 in
1337 913 1491 976 eadem⁵

342 1003 516 1088 provincia
545 1021 606 1085 per
628 1001 736 1065 malos
759 1000 915 1064 homines
946 1000 1202 1066 exercebantur.
1249 998 1317 1078 Qui
1340 1020 1457 1084 ooope

340 1096 439 1157 rante
462 1091 603 1176 spiritus
626 1090 738 1154 saneti
760 1089 877 1172 gracia
899 1089 950 1152 ita
970 1108 1087 1153 omnes
1111 1088 1282 1172 principes
1305 1092 1341 1153 et
1363 1089 1458 1153 nobi·

341 1181 390 1246 les
425 1180 491 1245 sibi
526 1178 684 1243 dulcibus
722 1178 792 1242 suis
830 1177 1130 1242 exhortationibus
1169 1177 1376 1261 subiugavit,
1416 1181 1457 1241 ut

205 1289 457 1342 (sersaomnes
487 1267 714 1332 firmissimam
744 1285 822 1331 cum
852 1287 892 1331 eo
922 1285 983 1350 per
1012 1268 1122 1330 totam
1145 1265 1370 1350 Thuringiam
1400 1288 1456 1350 pa·

340 1378 413 1422 cem
437 1349 730 1432 firmaveruntb·1;
755 1356 815 1420 sed
830 1355 915 1420 heu!
940 1355 1059 1420 eadem
1083 1375 1149 1438 pax
1171 1375 1277 1438 parvo
1299 1358 1456 1438 tempore
1467 1379 1495 1419 ιο

340 1446 477 1512 duravit
487 1447 508 1508 ².

220 1559 330 1602 nareae,
446 1534 574 1598 Eodem
606 1553 696 1596 anno
727 1532 818 1597 eirea
847 1531 995 1596 mediam
1024 1532 1321 1616 quadragesimam
1355 1551 1455 1616 gene-

338 1622 411 1688 rale
435 1623 618 1688 concilium
643 1621 854 1686 celebratum
878 1624 930 1685 est
945 1620 1137 1705 Herbipoli‚
1162 1623 1320 1703 presente
1336 1621 1453 1705 legato

340 1710 470 1777 domini
500 1731 587 1796 pape
610 1709 766 1774 Iohanne
789 1709 1000 1788 Tusculano;
1031 1709 1088 1774 cui
1118 1709 1264 1774 coneilio
1292 1709 1455 1775 interfuit

340 1801 447 1866 eciam
472 1800 629 1864 dominus
652 1819 711 1863 rex
733 1797 906 1862 Rudolfus
930 1818 1007 1862 oum
1030 1797 1149 1861 multis
1172 1798 1347 1862 nobilibus
1369 1797 1454 1862 mul·
1466 1819 1493 1858 rs

338 1894 452 1954 tarum
468 1887 736 1972 provinciarum
761 1887 906 1952 aderant
929 1887 1036 1951 eciam
1058 1886 1188 1951 ibidem
1205 1887 1454 1972 archiepiscopi

339 1976 610 2060 Mogontinensis
633 1979 669 2040 et
690 1974 902 2040 coloniensis
925 1979 961 2038 et
984 1974 1086 2038 multi
1110 1974 1170 2040 ulii
1193 1976 1453 2060 archiepiscopi,

338 2067 497 2149 episcopi,
523 2065 665 2129 abbates
691 2063 782 2146 nigri
805 2063 935 2128 ordinis
965 2067 1001 2128 et
1024 2065 1135 2146 grisei,
1160 2063 1455 2129 Premonstraten·

338 2155 383 2218 sis
418 2157 453 2218 et
486 2153 589 2217 multi
621 2152 682 2216 alii
711 2153 877 2236 prepositi
908 2156 944 2216 et
973 2151 1099 2235 prelati
1129 2153 1340 2218 diversorum
1366 2153 1454 2217 ordi·

337 2264 419 2306 num
444 2263 485 2308 ex
508 2241 627 2306 multis
649 2245 818 2306 terrarum
843 2241 1035 2324 provinciis.
1082 2241 1149 2305 Sed
1179 2243 1245 2306 hoe
1269 2241 1492 2306 oonoiliumso

337 2331 563 2396 anichilatum
592 2333 654 2408 est,
686 2329 909 2394 universitate
941 2329 1023 2394 oleri
1053 2351 1089 2394 se
1118 2334 1314 2415 opponente
1341 2330 1453 2395 eidem

336 2421 369 2484 le
394 2419 483 2485 atos

370 2441 393 2504 g
441 2507 572 2572 Eodem
603 2527 692 2570 anno
721 2506 759 2569 in
782 2506 918 2572 anesim
946 2507 1113 2572 submersi
1143 2501 1245 2571 sunttl
1271 2527 1333 2590 per
1355 2507 1453 2570 inun-

337 2597 514 2661 dacionem
538 2617 625 2679 aque
647 2599 754 2680 pene⁰
774 2595 952 2678 octoginta
975 2595 1072 2660 milia
1094 2595 1283 2659 hominnm.
1370 2597 1452 2680 Ipso

208 2710 274 2754 (nos.
282 2708 325 2758 n).
337 2706 427 2749 anno
451 2685 628 2769 episeopus
652 2682 912 2767 Herbipolensis
937 2684 978 2748 de
1002 2683 1208 2749 Sternbero⁴
1230 2684 1328 2749 obiit.
1462 2707 1490 2746 ss

442 2767 593 2837 aodems
609 2773 714 2838 eciam
740 2792 829 2836 anno
846 2771 946 2836 Iudei
968 2773 1139 2856 quendam
1162 2793 1297 2838 serrum
1312 2774 1451 2838 nomine

338 2861 601 2937 Wernhemmss,
633 2860 764 2924 dictum
787 2859 931 2937 Bonum,
956 2861 1015 2943 qui
1045 2861 1093 2926 eis
1121 2882 1183 2944 pro
1206 2863 1362 2927 mercede
1386 2883 1450 2927 ser·

235 2973 319 3023 aaa
336 2950 456 3027 vierat,
486 2949 524 3012 in
553 2948 609 3014 die
639 2967 823 3032 parasceue
852 2949 1006 3013 martirio
1040 2950 1302 3026 decoraverunt,
1335 2951 1451 3014 omnia

336 3058 463 3123 genera
497 3036 783 3102 contumeliarum
821 3037 997 3120 explentes
1034 3038 1071 3101 in
1105 3059 1154 3116 eo,
1190 3059 1256 3121 que
1291 3040 1450 3104 dominus

335 3119 473 3192 noster¹¹
500 3126 597 3191 Iesus
620 3125 779 3190 Christus
795 3119 920 3208 'passus
950 3127 1029 3204 fuit,
1053 3130 1197 3210 excepta
1220 3128 1447 3206 crucifixione,
1460 3153 1488 3192 so

336 3216 421 3281 alias
444 3235 523 3280 vero
547 3213 783 3279 erudelissima
806 3218 915 3278 morte
939 3234 1016 3279 eum
1039 3215 1328 3294 interfeoemnt⁶;
1357 3217 1448 3299 quod

337 3309 516 3389 postquam
541 3302 736 3368 Christiane
759 3302 852 3387 plebi
874 3303 1036 3380 innotuit,
1061 3323 1177 3369 omnes
1204 3304 1340 3382 Iudeos,
1365 3325 1449 3387 quos

336 3393 489 3458 invenire
520 3394 680 3476 poterant
712 3393 748 3456 in
778 3391 975 3456 civitatibus
1009 3385 1062 3456 et¹
1092 3393 1198 3470 villis,
1230 3393 1320 3458 eirea
1353 3392 1448 3458 mille

237 3483 444 3552 ·r.1u¹.‘viros
473 3481 733 3558 interfeoerunt,
765 3479 915 3564 exeeptis
945 3478 1096 3564 parvulis
1119 3485 1155 3546 et
1178 3481 1388 3554 mulieribus,
1413 3484 1449 3546 et

336 3710 357 3756 ι)
372 3707 468 3758 erphord
483 3709 501 3746 1.
570 3706 592 3758 b)
605 3707 636 3745 sto
650 3709 673 3758 15
695 3703 810 3745 firmarent
823 3705 851 3746 N.
917 3703 938 3756 o)
952 3705 1025 3746 l'rlsla
1039 3703 1072 3750 2¹².
1139 3704 1163 3754 d)
1177 3717 1218 3748 om.
1230 3705 1266 3749 ab,
1327 3709 1348 3755 e)
1362 3717 1403 3749 om.
1417 3707 1449 3749 2⁸.
1459 3713 1487 3752 35

335 3762 353 3809 ο
366 3762 417 3800 hooc
427 3761 503 3800 suom
513 3760 538 3802 Ε.
547 3759 633 3802 aem,
647 3760 676 3798 ud
690 3771 710 3802 a.
719 3759 778 3809 1286,
792 3759 813 3796 II
821 3761 872 3807 poet
882 3771 907 3807 p.
918 3759 964 3809 289,
979 3771 1000 3800 u.
1008 3760 1026 3800 ⁸.
1036 3780 1062 3787 -
1071 3760 1141 3798 solam
1151 3771 1191 3801 om.
1201 3759 1226 3802 Ε.
1236 3759 1309 3802 LIII.
1345 3757 1368 3810 ε)
1378 3759 1448 3800 vnu-

335 3815 412 3854 herum
426 3813 453 3854 Ε.
508 3813 532 3862 h)
545 3813 576 3852 sle
590 3815 610 3855 l.
623 3813 705 3862 alm·
718 3823 760 3854 om,
773 3811 799 3854 Ε.
813 3811 841 3854 N.
854 3811 919 3850 Conr.
974 3811 990 3862 l)
1004 3812 1034 3850 ale
1048 3813 1068 3856 1,
1081 3813 1163 3860 alm·
1176 3814 1199 3852 lu
1213 3813 1265 3856 aad.
1277 3813 1303 3855 E.
1319 3811 1384 3855 (ἔθην.

337 3992 361 4057 1)
382 3991 465 4042 Cana
479 3991 557 4057 paors
573 3990 639 4040 duta
663 3995 700 4042 eet
717 3989 759 4040 die
776 3989 855 4042 Febr.
873 3991 923 4054 253
948 3988 1011 4054 Rea.
1030 3989 1104 4043 arob.
1123 3989 1196 4056 May.
1216 3989 1255 4054 II,
1278 4006 1308 4056 p.
1328 3992 1381 4044 430
1398 4006 1446 4057 eg„

334 4077 378 4114 nr.
397 4063 440 4116 52.
517 4061 546 4127 2)
568 4059 633 4111 Vide
657 4061 734 4124 infra
758 4076 785 4111 a.
805 4061 880 4114 1288.
959 4059 987 4125 3)
1004 4060 1130 4123 Quinam
1153 4067 1258 4128 pamm
1275 4061 1411 4112 reditum
1429 4077 1448 4112 a

335 4133 404 4184 clero
422 4131 543 4198 measti.
615 4132 642 4197 4)
664 4129 830 4184 Bmholdus.
913 4129 941 4198 ὅ)
961 4129 996 4181 In
1013 4131 1110 4197 oppido
1130 4129 1285 4192 Olaurum
1310 4131 1346 4195 of.
1367 4132 1485 4186 Gustum

335 4201 483 4254 Boenasa·
505 4203 588 4266 c.10‚
613 4201 660 4256 SS.
680 4200 786 4266 XXIV,
811 4219 840 4268 p.
859 4201 926 4264 4703
954 4200 1023 4265 Ss'fr.
1041 4202 1074 4252 ds
1091 4201 1244 4253 Babrhuein
1268 4217 1288 4256 a
1308 4204 1369 4268 230,
1396 4201 1446 4259 SS,

335 4273 426 4335 XXV,
445 4289 473 4338 p.
486 4274 553 4339 7113
579 4273 650 4325 Anu.
670 4271 783 4324 colmar.
803 4272 876 4336 moi,
895 4271 942 4324 SS.
956 4270 1050 4335 XVII,
1071 4288 1101 4338 p.
1119 4275 1187 4338 2143
1213 4271 1288 4328 eost.
1309 4273 1447 4325 Oleastro-

333 4343 403 4396 neat.
421 4343 466 4406 VI,
490 4342 537 4396 SS.
556 4342 608 4406 IX,
630 4358 658 4408 p.
672 4343 731 4397 740.
