3246 4866
319 307 373 365 432
474 308 665 365 ORONIOAE
682 309 711 367 S.
720 309 837 366 PETRI
849 310 1009 368 ERFORD.
1027 307 1224 366 APPnme
1233 309 1284 368 vi.

199 471 309 584 „alfii
425 494 549 557 Anno·
586 492 728 557 nomini
762 493 1214 559 M⁰OOOO⁰LXX1111⁰in
1253 493 1309 558 ne
1343 493 1437 557 oeae

321 578 478 664 Gregorii
508 601 596 665 pepe
628 586 828 647 consecrata
851 583 921 647 sive
945 582 1128 647 benedicta
1151 585 1204 648 est
1227 581 1372 665 insignis
1395 602 1434 646 ac

319 669 445 734 devota
466 690 589 754 ymago
613 670 797 736 salvatoris
816 672 935 748 nostri,
959 672 996 734 in
1020 671 1191 736 dominico
1214 671 1366 755 reposita
1388 689 1435 734 se·

319 758 448 841 pulcro,
480 779 501 822 a
530 760 717 824 reverendo
746 761 783 823 in
811 758 949 824 Christo
979 762 1077 844 patre
1109 759 1249 824 domino
1279 759 1435 824 Iohanne

319 846 462 912 ecclesie
485 847 686 930 Syronensis
709 849 869 933 episcopo
879 848 901 926 ¹,
932 849 1207 914 reverendissimi
1236 849 1273 912 in
1297 848 1464 914 Christos

318 935 428 1019 patris
451 939 486 1000 et
510 937 641 1000 domini
664 936 793 1001 domini
808 937 942 1002 Adolffi
965 937 1214 1022 archiepiscopi
1237 937 1435 1022 Maguutini

318 1024 355 1087 in
379 1023 637 1108 pontificalibus
659 1025 787 1091 vicario
811 1047 872 1091 seu
894 1025 1121 1110 suffraganeo.
1160 1032 1198 1090 In
1222 1049 1285 1109 qua
1307 1033 1435 1107 quidem

317 1120 466 1194 ymagine
496 1120 671 1195 subscripte
699 1127 881 1180 sanctorum
910 1122 1070 1180 recondite
1104 1126 1181 1179 sunt
1209 1121 1351 1197 reliquie:
1387 1121 1435 1178 De

318 1209 403 1284 ligno
433 1212 542 1267 sancte
573 1203 686 1278 crucis,
719 1210 850 1268 Fabiani
884 1211 1020 1286 episcopi
1057 1214 1090 1268 et
1118 1209 1265 1278 martiris,
1298 1209 1434 1267 Tiburcii

318 1297 466 1367 martiris,
486 1296 626 1356 Oswaldi
644 1300 726 1373 regis
743 1303 776 1356 et
790 1299 938 1368 martiris,
961 1299 1109 1357 Basilidis
1124 1299 1270 1356 martiris.
1307 1296 1433 1355 Sancto·
1445 1317 1470 1356 ro

318 1403 389 1443 rum
411 1387 441 1443 X
468 1386 590 1444 milium
624 1388 799 1445 martirum.
846 1387 893 1445 De
928 1391 1039 1446 sancta
1072 1388 1194 1463 legione
1223 1387 1431 1444 Thebeorum.

319 1473 426 1532 Sancti
449 1473 588 1551 Gregorii
610 1493 701 1551 pape.
740 1475 927 1534 Sanctarum
950 1475 1098 1535 undecim
1120 1476 1242 1534 milium
1265 1476 1434 1551 virginum,

318 1563 422 1622 Prisce
456 1565 585 1640 virginis
620 1569 655 1624 et
687 1567 834 1624 martiris.
880 1565 1032 1641 idemque
1067 1565 1213 1624 dominus
1248 1564 1434 1640 Syronensis

318 1653 482 1727 episcopus
499 1653 645 1711 omnibns
668 1659 701 1711 et
719 1653 851 1730 singulis
874 1655 994 1712 tociens
1010 1655 1158 1730 quociens
1173 1670 1279 1712 coram
1294 1653 1435 1728 predicta

317 1742 465 1816 ymagine
487 1742 521 1798 in
544 1743 728 1800 memoriam
751 1743 907 1801 dominice
929 1744 1084 1818 passionis
1107 1759 1144 1800 ac
1167 1743 1305 1818 quinque
1327 1742 1471 1800 vulne-1⁶

318 1847 387 1886 rum
405 1828 521 1888 Christi
536 1831 702 1906 quinquies
718 1833 892 1890 orationem
910 1832 1100 1889 dominicam
1121 1832 1235 1890 devote
1257 1831 1434 1889 dicentibus

318 1918 498 1994 quindecim
517 1919 639 1977 dierum
661 1920 879 1996 indulgencias
895 1920 934 1978 de
949 1921 1098 1978 iniunctis
1114 1920 1299 1995 penitenciis
1315 1920 1434 1978 domini

319 2007 419 2065 nostri
441 2007 515 2065 iesu
537 2007 653 2066 Christi
680 2013 713 2067 et
736 2011 918 2068 sanctorum
940 2008 1025 2067 Petri
1055 2012 1088 2066 et
1109 2009 1199 2067 Pauli
1221 2009 1435 2084 apostolorum

318 2097 396 2165 eius,
426 2097 520 2154 huius
550 2098 733 2155 monasterii
759 2101 973 2174 patronorum,
1003 2099 1190 2157 auctoritate
1219 2099 1375 2156 concessit
1403 2101 1435 2156 et

318 2186 559 2244 misericorditer
581 2187 734 2244 relaxavit
754 2188 788 2244 in
810 2189 996 2262 perpetuam
1025 2189 1070 2244 rei
1093 2187 1277 2245 memoriam
1300 2191 1333 2245 et
1355 2187 1472 2250 salu-ro

319 2277 384 2331 tem
407 2274 623 2350 plurimorum.
659 2263 795 2334 Amenl.

232 2341 310 2453 152¹&
408 2358 529 2421 Ann0⁶
564 2357 706 2421 nomini
739 2358 922 2424 millesimo
953 2357 1211 2436 connino,
1244 2359 1434 2423 rnsranone

320 2446 500 2523 secunda²‚
532 2446 730 2511 dedicatum
757 2451 810 2512 est
838 2448 948 2514 altare
977 2448 1122 2513 iuferius
1151 2448 1188 2510 in
1213 2446 1311 2512 Gella
1341 2447 1434 2512 beati

318 2534 486 2598 Martinil
508 2535 545 2597 in
576 2536 705 2601 honore
729 2539 847 2602 sancte
871 2536 938 2603 Dei
966 2537 1143 2621 genitricis
1165 2536 1276 2600 Marie
1299 2540 1335 2601 et
1358 2537 1433 2600 bea·

318 2626 432 2687 torum
461 2624 695 2708 apostolorum
724 2625 821 2690 Petri
850 2628 886 2690 et
916 2625 1026 2690 Pauli.
1071 2631 1139 2689 Hee
1168 2635 1275 2689 antem
1305 2631 1470 2706 reliquisse

320 2718 435 2775 ibidem
465 2720 681 2778 continentur:
713 2718 902 2778 Sanctorum
931 2719 1143 2795 apostolorum
1166 2720 1378 2778 Bartholomei
1400 2722 1432 2777 et

318 2806 471 2865 Barnabe.
502 2807 543 2866 Et
558 2813 739 2866 sanctorum
755 2809 936 2866 martirum:
959 2807 1093 2867 Cornelii
1112 2814 1145 2867 et
1159 2808 1306 2884 Cipriani,
1319 2808 1432 2884 Appol-

317 2895 436 2965 linaris,
451 2895 573 2966 Felicis,
590 2895 711 2967 ciriaci,
727 2898 900 2956 Marcellini
914 2898 1077 2973 presbiteri
1093 2903 1126 2956 et
1140 2899 1287 2967 martiris,
1302 2897 1431 2955 Fabiani

233 2987 351 3047 ‘maaet
370 2983 556 3044 Sebastieni.
593 2979 799 3044 *Sanctorum
821 2986 1050 3045 coniessorum:
1076 2986 1217 3062 Gregorii
1239 3003 1328 3062 pape,
1353 2986 1432 3044 Mar·

318 3074 386 3142 tini,
410 3073 539 3132 Nicolai.
586 3073 773 3132 Sanctarum
796 3075 841 3132 XI
864 3076 986 3133 milium
1009 3076 1177 3151 virginum.
1224 3069 1470 3134 Dedicatnmso

238 3159 434 3221 carentem
469 3162 592 3239 quarto
624 3157 742 3223 Nonas
777 3156 936 3223 Octobris
970 3179 991 3221 a
1023 3159 1207 3243 Lamperto
1244 3156 1432 3223 venerabili

243 3313 255 3340 ι
319 3244 507 3310 Senonensi
530 3247 690 3330 episcopo
699 3247 722 3309 ⁴.

230 3339 323 3414 1477Ἰ
424 3329 537 3398 Item‘1
548 3356 639 3400 anno
651 3335 792 3400 Domini
803 3328 1193 3401 M⁰OOOO⁰LXXVII⁰⁰
1209 3334 1433 3401 reconciliata

317 3441 358 3487 ec
389 3422 432 3488 de
461 3444 550 3488 novo
581 3428 779 3490 consecrata
810 3428 862 3490 est
897 3425 1043 3490 ecclesia
1076 3425 1290 3510 prepositure
1320 3423 1431 3488 sancti

316 3632 339 3678 a)
352 3632 461 3681 smmis
474 3633 546 3670 ruera
560 3643 626 3670 manu
643 3643 661 3675 s.
675 3633 700 3671 X
702 3633 724 3675 V.
738 3633 820 3684 scripta
833 3637 890 3684 unt,
911 3638 931 3672 et
944 3645 1011 3673 manu
1024 3645 1042 3676 s.
1055 3633 1118 3676 XVI.
1132 3634 1192 3676 rubr.
1206 3634 1330 3682 adempta:
1346 3633 1431 3682 imago
1441 3633 1469 3673 Bb

317 3685 339 3722 in
353 3686 456 3734 sepulcro
469 3683 499 3724 sd
513 3690 615 3724 sanctum
629 3686 767 3738 Dyonisiurn.
815 3688 837 3733 b)
851 3689 948 3737 aequitio·
961 3688 984 3726 in
998 3687 1044 3729 cod.
1058 3687 1075 3734 f.
1090 3687 1129 3728 11⁴.
1143 3689 1176 3728 12.
1190 3688 1256 3726 tertio
1269 3697 1336 3726 manu
1349 3697 1368 3728 s.
1383 3685 1432 3729 XV.

315 3739 399 3788 seipsa
416 3743 479 3776 carta
494 3739 631 3785 firmationis
642 3741 815 3790 praepositurae
832 3739 904 3779 Cellas
921 3741 942 3784 S.
957 3741 1050 3780 Maniai
1067 3741 1178 3779 cursuras
1198 3741 1292 3788 archiep.
1306 3739 1432 3788 Megareius

316 3803 336 3834 c.
352 3793 412 3842 1104,
433 3793 484 3840 Rea.
498 3791 559 3835 arch.
572 3793 676 3842 Mapunr.
689 3794 710 3844 1,
728 3805 752 3843 p.
766 3793 812 3845 281,
831 3793 919 3844 XXIV,
938 3806 972 3836 nr.
985 3795 1018 3836 44.
1080 3792 1101 3843 c)
1121 3794 1174 3832 base
1187 3805 1254 3832 manu
1267 3793 1331 3832 tortio
1348 3804 1366 3835 a.
1381 3791 1430 3839 XV,

315 3857 359 3894 quc
373 3850 392 3884 d
404 3845 534 3894 praerodens
547 3850 617 3896 cuna,
631 3848 715 3896 scripta
727 3851 783 3889 sunt.
843 3848 866 3895 d)
879 3849 988 3898 squamis
1001 3851 1082 3898 quma
1095 3858 1162 3886 manu
1179 3857 1197 3891 a.
1209 3847 1259 3890 XV.
1279 3847 1362 3896 err-ipio
1375 3849 1431 3888 aaut.

316 3899 337 3949 a)
350 3899 438 3938 correxi
451 3909 462 3938 ο
476 3899 523 3941 Nic.
536 3900 563 3938 dc
572 3899 647 3949 δίεμαι
660 3913 685 3950 p.
699 3901 745 3944 457.
757 3901 810 3952 4613
825 3900 1045 3941 mcccconxxuo
1059 3913 1077 3943 e.
1441 3907 1472 3946 40

316 4076 342 4143 1)
360 4076 402 4139 Cf·
421 4092 508 4144 cupra
530 4095 558 4146 p.
577 4079 639 4145 427,
663 4095 690 4130 n.
710 4080 733 4133 1.
805 4078 834 4150 2)
853 4080 880 4132 A
898 4079 967 4148 Sept.
988 4081 1011 4134 1.
1036 4079 1093 4142 fuit
1120 4095 1146 4134 a.
1166 4079 1244 4133 1228.
1263 4077 1373 4130 indictio
1390 4075 1430 4141 ΙΙ,

314 4150 342 4212 3)
363 4147 409 4198 Ad
426 4147 550 4201 Werrcm
568 4151 596 4214 fl.
615 4153 676 4213 sita,
697 4151 729 4201 dc
745 4165 800 4218 quc
817 4156 895 4202 carta
912 4151 1011 4203 omsbec
1027 4149 1064 4216 (n.
1083 4148 1115 4216 b)
1133 4149 1199 4200 dcta
1215 4153 1261 4202 sat.
1332 4150 1363 4211 4)
1378 4147 1431 4200 Ec

310 4219 410 4286 proed
425 4219 505 4272 (lisbio
523 4221 671 4274 Selom
687 4222 727 4274 ccl
744 4221 929 4288 Sempallenes's
953 4223 1096 4290 epiecopus,
1122 4222 1171 4288 qui
1195 4237 1220 4275 a.
1240 4221 1430 4276 1225-1229.

315 4289 377 4341 huic
394 4292 559 4358 epiecopatm'
572 4293 704 4360 praefuit.
