3228 4856
316 343 369 402 788
459 340 652 397 GRONIGAE
670 338 941 395 ERFORDENSFS
960 339 1298 396 ENGELHUSIANAE.

424 521 456 606 2)
490 523 594 589 codice
631 521 833 588 bibliothecae
870 521 978 604 reciae
1016 522 1325 589 Monacensis
1362 525 1435 590 Lot.

318 635 368 679 nr.
395 617 504 677 24163
539 609 619 692 (ZZ
647 612 758 693 1163),
793 609 893 674 chart.
923 609 981 688 foi.
1015 631 1111 692 man,
1145 633 1226 677 saec.
1254 613 1352 677 XVI
1378 613 1435 692 in,

317 703 555 782 finnt—228,
579 699 635 782 qni
653 698 739 763 inter
756 697 964 763 collectionem
982 698 1167 764 historicam
1185 701 1323 766 continet
1338 700 1436 767 Chro-

318 790 412 857 nicon
435 788 672 871 Moanntinnrn,
704 792 850 852 accurate
879 786 1054 869 descriptus
1082 787 1120 852 in
1149 787 1286 854 editione
1315 789 1383 854 eins
1415 811 1435 854 a

326 881 362 943 V.
379 879 431 944 ot.
456 876 491 944 0.
504 877 606 959 Hcaci
618 897 653 957 p.
666 890 691 940 V
704 875 792 956 saal
839 875 883 939 In
908 875 965 940 hoc
987 876 1160 957 exemplari
1176 898 1285 958 panca
1306 877 1460 943 atinndes

317 973 442 1048 sumpta
464 965 578 1031 addita
599 970 682 1043 snat,
713 983 844 1044 quornm
872 984 956 1028 renas
985 963 1070 1028 locas
1099 985 1137 1029 ca
1160 965 1345 1031 Annalibus
1368 967 1436 1031 Sta-

318 1055 476 1135 densihns‚
507 1054 588 1118 aiter
617 1073 655 1116 en
682 1051 821 1117 Oronica
852 1052 885 1116 8.
912 1051 1003 1116 Petri
1035 1052 1233 1131 Erfordensi
1262 1053 1438 1135 asscriptus

318 1151 372 1209 cst.
416 1140 612 1223 Ooooplnries
635 1141 729 1205 hector
751 1141 796 1204 ad
813 1139 984 1205 chronicon
999 1141 1157 1221 quoddam
1172 1162 1271 1224 snpra
1286 1141 1437 1224 scrn'ptnm

318 1232 485 1314 retcaatnr,
515 1229 646 1294 minime
675 1248 748 1293 ocro
775 1229 820 1293 ad
845 1226 1027 1294 Chronicon
1049 1229 1278 1312 Moanntinnm
1300 1231 1438 1295 eiusdem

318 1319 436 1386 codicis
468 1337 567 1400 necne
601 1318 645 1381 ad
675 1317 840 1399 Spenclnm
872 1317 986 1381 mnndi
1020 1317 1207 1384 Theoderici
1236 1318 1474 1400 Ercaeihnsii,1o

318 1411 374 1474 sed
407 1409 451 1472 ad
482 1406 623 1488 ianotnn
657 1406 815 1486 anodiam
848 1406 938 1470 hreoe
947 1407 968 1487 ²,
1007 1425 1067 1487 qno
1101 1413 1246 1488 excerpta
1284 1406 1439 1473 (ironicae

321 1497 355 1562 8.
372 1495 462 1560 Petri
477 1494 612 1573 Erford.
632 1513 702 1558 curn
720 1492 894 1558 annaiihns
908 1493 1163 1572 Erfordensibns
1178 1502 1324 1576 conaesta
1337 1495 1439 1574 fnisse

319 1585 475 1650 ridentur.
526 1582 678 1664 Qnamons
706 1580 808 1663 iyitnr
836 1581 873 1645 in
902 1581 959 1646 hoc
988 1581 1091 1647 codice
1120 1583 1197 1649 haec
1224 1583 1362 1650 Gronica
1390 1585 1439 1648 dc

319 1673 440 1755 scripta
462 1671 504 1736 sit
526 1691 565 1736 coc
586 1669 661 1752 aiio,
692 1669 730 1734 in
751 1689 812 1751 ano
834 1689 899 1734 non
921 1670 1124 1752 Enaethnoii
1156 1674 1212 1738 sed
1239 1672 1332 1738 alind
1353 1671 1438 1736 chro

319 1761 415 1827 nicon
449 1759 647 1838 Ihfordcnse
681 1757 711 1822 ei
739 1757 961 1840 praecesserit,
1001 1765 1106 1824 tamen
1143 1759 1286 1826 dubitari
1319 1759 1436 1842 nequit,
1450 1781 1473 1821 rs

320 1850 399 1932 qnin
421 1869 459 1914 en
481 1848 584 1913 codice
606 1848 742 1928 arntiam
756 1846 949 1928 Enaeihnsii
964 1847 1113 1928 profecta
1134 1848 1185 1929 sit,
1210 1870 1248 1914 ac
1269 1847 1350 1912 mihi
1366 1867 1438 1930 per·

319 1957 450 2002 snantm
471 1943 518 2002 est
545 1935 662 2000 tihrnrn
684 1935 903 2012 Dresdensenr
920 1931 963 2019 (1)
986 1935 1054 2000 eins
1081 1937 1283 2020 archetypum
1306 1937 1437 2017 finissffi,

321 2025 392 2090 iicet
419 2023 486 2089 sint
510 2044 591 2105 qnae
613 2022 687 2088 hnic
716 2021 862 2105 opinioni
890 2043 1069 2106 repnanare
1097 2025 1275 2105 edicantur,
1305 2045 1438 2107 qaorum

318 2111 545 2196 pravissimam
567 2111 624 2176 hoc
646 2117 700 2175 cst.
740 2111 784 2175 In
811 2111 950 2177 Granico
964 2112 997 2176 A
1020 2112 1104 2177 inter
1126 2120 1271 2197 excerpto
1292 2133 1331 2178 ea
1353 2114 1438 2178 chro

320 2201 393 2266 nico
415 2199 553 2265 Edicto
576 2199 661 2265 tonos
684 2221 715 2262 α.
736 2205 830 2263 1164.
857 2205 953 2263 1169.
976 2201 1014 2265 dc
1035 2221 1128 2266 maro
1150 2202 1347 2281 Erfordensi
1370 2222 1474 2267 con-n

320 2295 446 2370 stracto,
481 2289 644 2369 destructo,
679 2294 828 2370 reparato
861 2287 899 2352 in
933 2288 989 2353 hoc
1022 2289 1087 2354 solo
1120 2289 1224 2356 codice
1253 2290 1367 2373 lecitnr
1396 2291 1440 2355 ad

320 2379 448 2444 corona
480 2377 549 2456 fere
582 2376 770 2442 conveniens
798 2396 868 2441 cnm
900 2375 1038 2443 Oronica
1067 2377 1437 2459 Reinhardshrnnnensi,

321 2469 405 2532 nnde
448 2465 667 2531 coniciendnrn
704 2471 749 2530 est
785 2485 824 2530 coc
857 2465 1043 2531 Annalibus
1080 2466 1333 2545 Erfordensihns
1370 2487 1439 2531 eccm

322 2561 478 2636 sumptura
505 2573 580 2634 esse,
611 2553 667 2634 qni
695 2573 761 2618 non
790 2552 916 2634 quidm
944 2553 1029 2618 inter
1057 2561 1203 2636 cncerpm
1232 2555 1374 2620 chronici
1396 2555 1438 2632 Ε,

321 2646 378 2708 sed
404 2642 442 2706 in
469 2641 607 2708 Oronica
628 2641 663 2706 B
691 2641 776 2706 inter
798 2647 944 2723 ecocerpta
966 2642 1148 2707 Annaiinrn
1171 2644 1205 2708 8.
1221 2644 1357 2709 Mariae
1379 2643 1476 2726 hocin

322 2730 495 2810 dehnisset‚·
516 2731 601 2795 nnde
623 2729 743 2812 alianis
765 2729 906 2795 conicere
921 2737 1029 2811 posset
1045 2752 1115 2795 enm
1133 2731 1170 2796 in
1188 2731 1244 2796 hoc
1262 2731 1366 2797 codice
1384 2731 1440 2796 ati·

322 2821 406 2884 nnde
435 2818 579 2884 additura
608 2839 681 2899 esse,
710 2817 904 2900 praesertim
934 2839 1004 2883 curn
1037 2821 1082 2884 ad
1110 2819 1245 2885 similem
1275 2821 1376 2885 loonrn
1403 2819 1441 2884 in

323 2905 469 2973 chronico
498 2906 584 2971 brevi
613 2906 818 2986 Erfordenci
848 2909 932 2988 qnod
959 2906 997 2971 in
1025 2908 1129 2972 codice
1158 2907 1339 2990 antoniane
1367 2907 1441 2973 hnic

316 2993 499 3076 piniaco,
533 2993 628 3059 icctor
648 2995 686 3059 in
708 2994 765 3059 hoc
786 2994 963 3076 relocatam
993 2996 1049 3060 sed
1069 2997 1178 3061 eadem
1199 2997 1268 3075 fere
1291 2997 1329 3062 de
1350 3017 1441 3062 mnro

323 3083 520 3162 Erfordcnsi
541 3081 579 3147 in
599 3081 738 3148 Granico
752 3082 807 3147 II.
830 3102 903 3147 mon
926 3082 1063 3149 dicenda
1085 3085 1189 3148 eodem
1211 3085 1276 3150 ioca
1299 3085 1479 3150 breviatam

323 3172 477 3253 teanntnr,
507 3177 537 3235 ct
564 3170 650 3235 atins
672 3171 758 3236 iocus
780 3193 811 3236 a.
830 3176 924 3236 1204.
943 3173 1058 3252 procori
1080 3171 1175 3238 dnhn
1197 3193 1236 3238 ea
1257 3173 1442 3238 Annaichns

325 3259 358 3325 8.
375 3258 510 3324 Mariae
524 3258 687 3340 profectas
708 3258 804 3324 etiarn
822 3258 860 3323 in
880 3259 983 3326 codice
1002 3267 1018 3325 1
1039 3260 1125 3326 inter
1139 3267 1284 3344 excerpta
1299 3261 1441 3328 chronici

323 3348 358 3412 E
378 3347 456 3412 dicti
478 3347 601 3429 ieaitnr.
652 3347 739 3428 Qicae
769 3368 839 3412 cnon
867 3347 916 3412 ita
938 3348 1012 3430 sint,
1043 3350 1245 3432 archetypam
1275 3349 1393 3416 codicis
1422 3356 1440 3414 2

323 3455 362 3500 ea
391 3435 495 3502 codice
520 3443 535 3498 1
561 3435 686 3516 quidem
709 3435 898 3518 descriptnm
920 3435 1023 3515 fnisse
1045 3437 1167 3520 opinor,
1191 3439 1247 3503 sed
1267 3438 1324 3504 hoc
1346 3438 1442 3504 etiam

323 3523 493 3590 ordinante
517 3529 546 3588 et
572 3530 703 3589 curante
730 3523 924 3590 Theoderico
946 3525 1142 3606 Encethnsio
1172 3525 1323 3609 scriptam
1351 3533 1381 3592 ct
1402 3527 1479 3592 ahos

323 3611 392 3692 ipso
425 3611 473 3676 cei
505 3611 658 3694 scriptore
690 3611 759 3676 eins
788 3611 834 3676 H.
868 3612 950 3678 dicto
984 3614 1049 3679 ioco
1083 3621 1210 3680 anetam
1243 3635 1318 3680 osse.
1365 3615 1442 3680 Ideo

325 3769 352 3834 1)
371 3765 409 3818 Iit
432 3769 488 3818 iam
513 3772 592 3820 antea
610 3766 773 3820 ‘Chronihnr
797 3767 844 3820 der·
869 3767 1007 3820 deutschen
1027 3769 1131 3822 Stotn’
1150 3769 1264 3834 XVIII,
1289 3771 1385 3822 hlaine
1401 3771 1442 3834 II,

323 3855 351 3905 p.
365 3840 379 3892 1
392 3853 447 3904 sqq.
497 3837 525 3903 2)
542 3837 848 3896 Foon13.18.19.20.
867 3841 924 3890 cius
941 3838 1107 3903 afferrentur.
1162 3841 1190 3908 3)
1207 3841 1273 3893 Vide
1284 3844 1441 3908 praemia

321 3925 349 3976 Ρ.
369 3911 430 3974 794,
449 3925 476 3962 n.
489 3907 531 3972 **,
549 3909 597 3960 aot
613 3915 686 3972 nota,
704 3924 772 3974 qnae
789 3911 820 3960 in
839 3908 954 3961 Oc‘onica
971 3909 1013 3961 II.
1031 3909 1067 3960 ad
1084 3927 1110 3964 a.
1125 3912 1202 3966 1285.
1221 3917 1287 3964 recte
1304 3913 1442 3980 amota

323 3985 369 4044 esc,
388 3979 425 4030 ad
443 3978 583 4030 cronicam
601 3980 627 4030 A
648 3981 678 4030 in
696 3981 819 4044 maraine
836 3994 867 4030 ca
885 3995 976 4044 mann,
994 3986 1024 4031 nt
1041 3981 1153 4046 videtur,
1171 3997 1239 4048 quac
1257 3982 1400 4036 Oronicam
1417 3983 1479 4034 Boo

322 4051 440 4116 scrs'prss't,
459 4050 532 4113 falso
551 4049 603 4102 loco
620 4051 671 4116 (ad
688 4051 805 4105 α.1186.
824 4065 882 4102 cam
899 4051 988 4102 sor-tha
1004 4065 1101 4119 poam
1118 4052 1228 4105 neusse
1244 4053 1361 4120 ridetur)
1379 4070 1443 4120 sup-

319 4121 392 4188 pleta
417 4126 441 4172 ct
464 4121 495 4171 in
519 4121 609 4174 cad.2
634 4120 721 4172 cedern
746 4120 800 4173 loco
823 4123 936 4187 repetito
953 4127 998 4188 cst,
1025 4122 1067 4174 die
1085 4123 1443 4189 a.1184.adhancfatso

323 4196 416 4255 tracto,
435 4192 484 4256 qni
499 4193 529 4241 in
549 4193 564 4246 1
582 4192 622 4242 ita
638 4191 756 4257 scriptus
779 4197 824 4254 cot,
850 4197 880 4242 ut
898 4191 978 4255 facilc
995 4207 1054 4245 oum
1072 4193 1119 4246 hoc
1137 4195 1189 4246 loco
1206 4195 1333 4261 coniunar'
1344 4203 1441 4262 posset.

324 4260 443 4310 Aliunde
459 4267 575 4328 sumpta,
600 4277 668 4328 qnae
691 4277 777 4328 aspra
801 4261 869 4326 dixi,
892 4269 985 4329 postea
1009 4263 1103 4316 addr'tc
1120 4280 1174 4317 csso
1195 4270 1276 4332 patet,
1301 4268 1387 4318 nescia
1405 4281 1440 4318 an

323 4344 357 4379 en
373 4327 496 4382 chronico
513 4331 592 4396 hrecr',
611 4331 681 4398 qnod
698 4333 763 4383 olim
780 4333 843 4384 hnic
854 4331 983 4386 Gronioac
995 4337 1148 4401 praecessit.
1452 4343 1479 4384 ⁴⁵
