3228 4856
507 1266 803 1354 ORONIOAE
833 1266 1249 1352 ERFORDENSES

616 1470 1125 1556 ENGELHUSIANAE.

421 1715 469 1796 Jo
499 1731 657 1798 codicibus
681 1729 807 1811 Spccoli
836 1731 883 1794 vel
913 1729 1075 1811 lmcpim'e
1103 1729 1217 1794 mundi
1244 1728 1434 1794 Theoderici

315 1819 507 1901 Ecpellrueii
529 1821 611 1884 cuce
632 1817 841 1882 inveniuntur
861 1817 1015 1882 Orooicoc
1034 1817 1249 1896 Erfordenees
1266 1817 1434 1899 proximae

315 1907 377 1972 eibi
400 1927 438 1972 oc
460 1906 652 1970 eimillimce.
1441 1955 1457 1994 ⁵

474 1993 509 2076 I)
537 1995 600 2074 Ec,
624 2013 719 2074 quom
742 2015 872 2058 coetero
895 1993 926 2058 I.
951 1992 1087 2076 epicos)
1112 1999 1214 2058 ecetcl
1235 1993 1273 2057 in

425 2079 454 2163 1)
487 2083 590 2146 codice
621 2081 824 2146 bibliothecae
860 2081 967 2163 rspice
998 2081 1267 2162 Dreedeneis,
1306 2081 1430 2163 eipnclo

315 2171 341 2234 I
350 2175 402 2251 47,
432 2171 669 2234 membranaceo
698 2169 765 2250 sol,
794 2169 946 2248 soliorum
975 2169 1012 2234 io
1041 2169 1135 2234 bicoe
1164 2169 1325 2234 columnas
1354 2168 1432 2234 diei-

314 2279 422 2322 eorum
445 2264 497 2338 88,
527 2276 660 2338 quorum
688 2264 859 2322 extremum
881 2279 1015 2322 coccum
1036 2264 1098 2338 csl,·
1126 2257 1182 2338 osci
1208 2259 1433 2339 qoodommoclo

315 2346 394 2412 liber
422 2347 608 2428 archetypus
630 2345 822 2426 Ecpelbosii
851 2345 1002 2410 dicendos
1030 2351 1084 2426 est,
1116 2366 1185 2410 com
1214 2367 1280 2410 coo
1308 2345 1473 2436 eulmen„

315 2434 416 2516 ipsius
431 2456 539 2515 mono,
564 2436 619 2498 secl
633 2435 698 2514 boc,
722 2434 778 2515 qui
800 2455 833 2498 ec
848 2433 926 2498 dicit
941 2434 1131 2499 collectorem
1153 2432 1239 2515 libri,
1264 2433 1432 2498 ordiccnle

315 2530 344 2587 ol
366 2529 497 2588 cicrcnlc
519 2545 541 2588 α
563 2524 699 2603 quodem
721 2522 768 2586 H.
798 2521 950 2602 scriplore
972 2543 1059 2585 occo
1080 2527 1174 2584 1423.
1200 2521 1337 2602 scriptos
1358 2522 1431 2585 sit1.

315 2611 361 2675 In
377 2611 486 2693 primo
508 2611 587 2690 solio
608 2631 707 2675 cccco
729 2609 837 2674 relicto
858 2631 958 2674 mccc
987 2630 1068 2674 ecee.
1086 2610 1166 2674 XV.
1190 2610 1342 2690 scriplum
1371 2616 1433 2674 cst:

316 2701 461 2763 IXIII.
493 2700 644 2784 pertinet
678 2700 744 2763 iste
778 2699 867 2762 liber
905 2699 948 2762 ed
984 2699 1161 2762 librariam
1196 2699 1431 2762 universitatis

316 2782 565 2870 Erff[ordensisl
583 2787 676 2871 apud
692 2787 858 2851 Sanctum
870 2786 1075 2851 Miche'elem
1088 2787 1109 2849 ².
1141 2785 1234 2850 Inter
1245 2785 1473 2877 appendices„

317 3012 342 3078 l)
360 3001 393 3066 F.
406 3008 473 3066 69¹).
492 3011 535 3063 bic
551 3011 669 3079 epilepsis
688 3013 785 3078 lcpilur
797 3012 903 3079 Specub'
920 3013 1030 3064 meandi:
1042 3009 1215 3065 Venerabilis
1233 3010 1310 3065 Beda
1328 3011 1357 3063 in
1369 3027 1432 3079 pro·

315 3082 379 3150 logo
405 3081 510 3134 scilicet
528 3080 644 3134 Cronice
669 3081 703 3134 de
722 3081 805 3151 gestis
823 3081 999 3150 Angulorum
1024 3081 1096 3136 inter
1114 3085 1206 3136 cetera
1224 3081 1305 3135 dicit:
1325 3081 1432 3136 ‘Lecto-

314 3168 373 3205 rsm
392 3151 553 3220 suppliciter
570 3151 692 3218 obsecro,
711 3157 750 3221 ui,
769 3151 792 3204 si
810 3168 864 3220 que
881 3151 910 3204 in
928 3152 980 3205 hiis
998 3182 1032 3192 —
1047 3183 1079 3192 -—
1098 3151 1185 3206 literis
1202 3151 1349 3220 mandere3
1368 3169 1430 3221 pre·

314 3229 390 3276 terea
415 3239 518 3287 omnes,
542 3222 577 3275 ed
603 3238 670 3290 quoe
695 3222 746 3276 hec
771 3221 884 3275 historie
909 3221 1074 3290 pervenerit,
1099 3222 1258 3292 suppliciter
1278 3239 1384 3291 precor,
1401 3227 1433 3276 ut

315 3310 365 3362 pro
377 3293 445 3346 meis
457 3291 663 3346 infirmitatibus
672 3293 774 3356 (enimc
787 3296 816 3344 e'n
829 3309 916 3360 marc.
928 3295 1026 3362 suppl.)
1034 3295 1062 3346 et
1072 3293 1193 3362 corporis
1203 3292 1276 3362 apud
1287 3311 1433 3362 supernam
1442 3332 1475 3371 ἢ

315 3364 489 3418 clementiam
502 3363 591 3432 sepius
605 3362 772 3417 intervenire
783 3362 974 3418 meminerint'.
999 3363 1061 3416 Hec
1072 3364 1131 3418 iste.
1157 3363 1194 3417 let
1205 3380 1254 3417 nos
1272 3364 1388 3433 emplius
1401 3363 1432 3420 T.

315 3439 343 3488 et
361 3433 408 3501 H,
434 3435 566 3488 collector
590 3438 619 3487 et
642 3433 768 3503 scriptor,
794 3434 867 3487 idem
892 3439 1061 3502 exoptemus,
1080 3438 1108 3488 et
1126 3432 1149 3487 si
1167 3435 1242 3488 iuxts
1260 3434 1432 3502 quorundam

315 3505 473 3573 opinionem
490 3503 609 3558 mundus
626 3504 679 3557 iste
696 3503 813 3573 prescire
832 3505 968 3573 legionem
982 3505 1134 3574 enlnorum]
1152 3504 1278 3574 inplebit,
1296 3505 1371 3573 quod
1382 3505 1432 3558 soli

315 3576 373 3629 Deo
400 3580 497 3628 notum
525 3579 574 3642 eet,
598 3574 740 3628 restebsnt
763 3573 919 3643 paucissimi
944 3573 1017 3642 enni,
1042 3579 1074 3627 ut
1097 3579 1175 3643 petet
1193 3575 1270 3628 iuxta
1287 3593 1433 3630 numerum

315 3647 446 3699 maiorem
475 3663 558 3714 suprs
584 3645 730 3714 scriptum:
761 3661 833 3698 snno
864 3645 937 3698 enim
965 3645 1076 3698 Domini
1105 3649 1183 3701 1423.
1214 3649 1273 3699 eret
1301 3663 1431 3700 numerus
1442 3686 1476 3724 ,5

315 3733 429 3782 magnus
441 3719 520 3783 6622,
538 3716 637 3784 quibus
655 3715 678 3768 si
696 3715 835 3769 adduntur
845 3719 889 3780 44,
908 3715 960 3769 erit
972 3715 1044 3785 legio
1063 3715 1196 3784 predicis,
1214 3716 1342 3770 videlicet
1354 3719 1432 3773 6666.

315 3791 343 3854 2)
360 3787 463 3840 Ibidem
483 3789 632 3854 poelm'orc
649 3803 732 3839 mm
756 3803 821 3842 saec.
840 3787 903 3840 XV.
929 3789 1057 3854 scriptitem
1082 3793 1135 3839 est:
1162 3785 1299 3840 Preeentis
1325 3787 1433 3840 cronice

315 3857 490 3928 Engelhueen
507 3856 638 3926 prologus
657 3860 698 3910 eet
716 3861 840 3924 sumptus
859 3856 894 3909 de
911 3855 1030 3924 Speculo
1048 3856 1197 3924 hystoriali,
1217 3861 1245 3910 et
1263 3857 1326 3910 inde
1345 3857 1433 3911 eciam

315 3929 403 3980 mulia
427 3928 507 3981 huius
532 3927 642 3980 cronice
666 3927 798 3980 collector
821 3925 935 3995 recepit,
960 3933 989 3980 et
1013 3927 1168 3996 conpilator
1192 3927 1249 3980 sine
1271 3927 1354 3981 dubio
1379 3927 1433 3980 luit

315 3997 486 4067 supradictus
503 3997 634 4067 magister
652 3997 838 4050 Theodericus
856 3997 891 4050 de
903 3996 1088 4065 Engelhueen,
1107 3997 1154 4066 qui
1166 3997 1236 4050 vixit
1253 3997 1343 4050 adhuc
1360 4015 1432 4051 enno
1442 4037 1474 4078 ω

315 4069 426 4122 Domini
452 4073 529 4125 1440.
558 4072 586 4121 et
614 4067 761 4136 complevit
788 4067 859 4120 hanc
887 4067 1023 4120 cronicam
1048 4084 1121 4120 enno
1143 4071 1222 4134 1426,
1248 4072 1278 4120 ut
1302 4073 1379 4136 patet
1403 4068 1432 4122 in

315 4140 450 4206 particule
474 4138 551 4191 finali
575 4139 655 4192 huius
680 4138 750 4193 libri.
792 4139 861 4189 Tum
879 4141 999 4204 aequiter
1016 4155 1099 4190 mono
1122 4142 1212 4191 nomer·
1232 4141 1332 4192 camuli
1347 4141 1433 4208 scrip·

315 4216 388 4261 tum:
413 4208 507 4262 Codex
533 4227 548 4262 e
572 4209 708 4263 tabulario
734 4207 824 4277 Regio
848 4209 1021 4274 (Dssedenei)
1043 4209 1072 4261 in
1096 4207 1295 4263 Bibliothecem
1313 4209 1430 4280 Regiam

316 4277 422 4330 deletus
440 4296 476 4334 m.
496 4278 554 4333 Oct
580 4296 604 4334 ι.
626 4282 703 4334 1832.
740 4281 783 4344 Of.
802 4278 925 4331 ‘Archiv'
945 4279 990 4344 VI,
1011 4296 1041 4346 p.
1060 4281 1115 4334 224
1131 4295 1180 4346 ⁸ic
1204 4281 1252 4332 cce
1275 4283 1305 4332 s'sr
1322 4281 1431 4334 crclrioo
