3248 4856
354 348 546 406 ORONIOAE
564 349 727 405 MINORIS
745 349 1007 406 OONI'INUATIO
1020 349 1087 406 VII.
1226 355 1279 409 703

270 534 372 597 Anno
389 533 529 598 Domini
544 532 803 598 MGGLXXIX.
827 554 886 600 rex
909 535 1141 600 Bohemorum
1164 535 1278 599 dictus
1289 543 1367 597 1278.

166 622 334 688 Octaclrer
363 623 475 687 victus
503 623 573 686 fuit
603 644 624 686 a
653 623 839 708 Rudolpho
868 644 949 708 rege
979 624 1211 688 Romanorum
1240 625 1278 687 in

164 712 272 796 prelio
303 711 372 774 ΠΙ.
404 712 460 776 die
490 716 568 796 post
597 712 726 776 festum
757 712 993 778 Bartholomei
1022 712 1181 797 apostoli.
1234 713 1384 786 Instare.

165 802 282 866 eodem
308 801 471 865 conflictu
494 801 625 865 occisus
649 804 702 865 est
723 821 784 865 rex
807 801 990 866 Bohemus.

135 909 148 950 s
269 889 371 954 Anno
407 888 548 953 Domini
585 888 775 954 Mcoxcl.
814 890 901 954 obiit
938 911 997 955 rex
1031 891 1203 956 Rudolfus
1241 892 1279 954 in
1289 899 1366 954 1291.

165 979 331 1043 divisione
366 978 611 1063 apostolorum.
665 979 710 1042 aa
743 980 781 1042 in
810 980 929 1043 eodem
965 1000 1055 1044 anno
1091 981 1127 1044 in
1156 980 1279 1044 Idibus
1288 1004 1332 1046 nr.
1340 1004 1371 1046 ιε.

165 1067 375 1152 Septembris
399 1086 462 1150 per
484 1067 619 1132 diversa
642 1068 718 1132 loca
739 1071 947 1133 terremotus
970 1069 1096 1133 factus.
1289 1093 1385 1142 spara.

272 1157 372 1220 Anno
395 1155 536 1220 Domini
559 1155 748 1221 MOCXOI.
773 1161 876 1242 capta
898 1161 950 1222 est
973 1157 1094 1222 civitas
1117 1159 1235 1222 Accon
1258 1179 1279 1222 a

164 1245 359 1310 Sarracenis
382 1245 418 1309 in
443 1246 499 1310 die
522 1245 728 1310 Potentiane
751 1247 893 1329 virginis
901 1247 922 1309 ¹.
1289 1253 1385 1295 Nalm·

130 1355 156 1396 10
270 1335 372 1398 Anno
407 1333 548 1398 Domini
582 1332 792 1399 MOOXOII.
832 1335 962 1400 electus
997 1339 1049 1400 est
1087 1335 1122 1398 in
1162 1355 1277 1420 regem
1289 1344 1366 1398 1292.

163 1424 395 1488 Romanorum
427 1443 539 1488 comes
569 1423 719 1488 Adolfus
749 1425 792 1488 de
821 1423 983 1489 Nassowe
1012 1425 1049 1487 in
1078 1425 1277 1490 inventione

164 1515 282 1577 sancte
305 1512 445 1576 crucis².
1288 1539 1373 1580 Masis.

271 1603 372 1665 Anno
408 1600 549 1665 Domini
582 1599 842 1665 MOOXGVIII.
881 1601 919 1664 in
957 1602 1012 1666 die
1051 1601 1205 1667 Processi
1242 1605 1278 1666 et
1288 1594 1365 1648 1298.

163 1690 366 1755 Martiniani
394 1711 455 1755 rex
480 1690 630 1754 Adolfus
660 1691 913 1755 Romanoruma
940 1691 976 1754 in
1006 1690 1115 1774 prelio
1146 1691 1277 1756 occisus
1288 1663 1357 1706 Μ’·

129 1785 216 1844 nest
238 1800 308 1844 non
331 1779 434 1863 longe
458 1779 677 1863 aMoguntia
700 1779 743 1843 ab
759 1779 904 1844 Alberto
928 1780 1015 1844 duce
1031 1779 1181 1856 Austris,
1206 1779 1277 1844 filio

164 1869 334 1952 quondam
371 1869 603 1932 Romanorum
637 1868 727 1952 regis
756 1867 934 1952 Rudolphi
968 1869 1011 1933 de
1042 1867 1276 1946 Habesborch‚

163 1957 278 2041 ipsum
300 1950 478 2042 episcopol
506 1957 714 2041 Moguntino
738 1978 816 2022 cum
840 1957 916 2022 aliis
947 1957 1133 2022 baronibus
1157 1961 1192 2022 et
1222 1979 1278 2021 no·

164 2045 292 2110 bilibus
314 2047 511 2110 adiuvante.
557 2046 656 2110 Idem
680 2045 880 2112 Gerhardus
902 2046 1181 2130 moguntinensis
1211 2047 1277 2130 epi-

67 2155 295 2220 macscopus,
320 2135 433 2200 dictus
457 2135 499 2199 de
516 2135 737 2219 Eppenstein
763 2157 840 2200 cum
865 2135 961 2200 'aliis
985 2135 1191 2201 electoribus
1207 2136 1277 2218 qui·

126 2224 308 2289 sobusdam
337 2225 436 2307 regni
463 2223 610 2287 Romani
640 2225 771 2288 dictum
802 2226 925 2289 ducem
954 2229 1036 2289 ante
1066 2225 1213 2309 prelium
1242 2227 1278 2288 et

161 2317 308 2378 mortem
330 2313 421 2397 regis
444 2313 598 2398 Adolphi
620 2314 657 2376 in
679 2313 872 2377 Romanum
895 2334 1010 2398 regem
1033 2315 1070 2377 in
1094 2313 1277 2396 Moguntia

163 2403 343 2487 elegerunt
366 2406 411 2478 et,
436 2401 519 2466 licet
549 2422 619 2465 non
650 2422 745 2485 eque,
777 2402 924 2467 eundem
955 2406 1033 2485 post
1063 2400 1209 2484 prelium
1239 2403 1276 2465 in

164 2491 372 2574 Aquisgrani
395 2496 645 2555 coronaverunt
669 2493 704 2555 et
727 2510 843 2574 regem
867 2490 1165 2565 confirmaverunt,
1197 2510 1401 2561 cummunio.

163 2581 279 2644 tamen
301 2580 393 2645 idem
417 2580 487 2643 dux
510 2579 744 2644 ministerialis
768 2580 876 2644 fuerit
904 2579 995 2662 regis
1019 2577 1183 2662 Adolphi.
1230 2577 1275 2640 Et

128 2668 228 2732 sabec
251 2669 503 2753 conspiratione
528 2669 675 2752 pessima
698 2672 779 2733 sunt
802 2671 890 2732 acta.

271 2757 371 2821 Anno
380 2756 778 2821 DominiMCOXOIIII.
791 2777 881 2840 papa
889 2755 1089 2820 Boniiacius
1101 2755 1274 2833 nomine⁰‚
1286 2773 1363 2826 1294,

164 2847 267 2910 antea
289 2846 507 2923 Benedictus,
536 2866 661 2929 papam
685 2839 940 2922 Iohannem‘l·³‚
964 2845 1076 2908 virum
1106 2849 1274 2922 sanctum,

164 2936 397 3000 concorditere
426 2935 585 3010 electum,
617 2934 660 2999 ab
685 2934 800 2998 officio
823 2927 961 3018 papalir
989 2933 1165 2998 subtiliter
1187 2955 1395 3006 amo-(oens).

162 3024 222 3101 vit,
247 3027 282 3088 et
305 3025 397 3089 idem
422 3045 512 3108 papa
536 3023 734 3108 permansit,
766 3026 979 3106 tenensqueg
1005 3043 1129 3107 papam
1153 3023 1275 3087 Iohan-

125 3107 262 3178 ronem‘l
288 3112 326 3176 in
349 3113 440 3178 bona
463 3112 619 3178 custodia
643 3133 749 3196 usque
773 3112 817 3176 ad
841 3112 913 3176 eius
937 3116 1091 3176 mortem.
1138 3111 1193 3176 Ab
1217 3112 1275 3175 ali·

163 3201 286 3285 quibus
309 3202 346 3265 in
370 3202 514 3266 dubium
536 3201 694 3275 vertitur,
720 3201 810 3284 quod
834 3221 903 3264 non
928 3201 1080 3284 potuerit
1111 3221 1201 3284 papa
1224 3200 1275 3264 Io·

162 3283 315 3355 hannesh
337 3291 460 3376 papale
484 3289 637 3355 officium
661 3291 845 3373 resignare.

270 3380 391 3443 Αειιιο4
415 3379 556 3444 Domini
578 3377 712 3456 Maec,
738 3380 820 3441 dum
843 3379 964 3443 civitas
988 3379 1105 3442 Accon
1135 3381 1170 3442 et
1200 3380 1363 3441 tota1300.

162 3466 266 3532 Terra
289 3468 416 3532 Sancta
437 3469 474 3532 in
498 3471 670 3553 potestate
693 3467 876 3552 gentilium
900 3468 1036 3532 steterit
1052 3466 1142 3530 VIII
1167 3467 1275 3544 annis,

123 3577 223 3620 sorex
246 3556 467 3621 Tartarorum
490 3557 627 3622 nomine
652 3555 768 3620 Gazan
795 3559 956 3639 potenter
979 3577 1056 3620 cum
1086 3556 1165 3632 suis,
1196 3575 1276 3640 rege

163 3645 346 3710 Armenie⁵
368 3647 481 3730 ipsum
497 3647 693 3722 adiuvante,
710 3645 848 3710 Terram
865 3645 1026 3709 Sanctam
1043 3637 1268 3709 introierunti

160 3823 185 3868 a)
198 3821 280 3860 Remm
294 3822 326 3865 od.
379 3822 402 3871 b)
415 3823 542 3872 eplscopum
556 3822 708 3872 Mogontmum
722 3823 754 3865 at.
802 3824 823 3870 e)
836 3822 888 3869 sort.
902 3821 1051 3870 mandam
1066 3821 1190 3860 nominatus
1203 3825 1278 3863 tuton.

161 3873 187 3919 d)
201 3876 306 3914 loannem
320 3887 336 3918 c.
405 3875 426 3925 e)
447 3880 470 3916 εὴ
483 3887 544 3918 cone.
559 3875 623 3918 oron.
637 3877 713 3917 Rana.
780 3875 798 3924 l)
819 3875 895 3925 popull
910 3877 941 3917 αὶ.
1009 3877 1033 3925 g)
1052 3878 1129 3914 tenens
1143 3875 1214 3923 ipsum
1229 3875 1277 3917 Iob.

161 3931 227 3970 oron.
241 3929 318 3968 Rana.
386 3928 411 3976 b)
424 3929 521 3969 Ioannes
535 3929 567 3971 cd.
639 3929 656 3979 l)
669 3928 723 3971 latr.
736 3949 763 3958 -
776 3929 880 3969 sancum
901 3939 928 3966 as
945 3929 1012 3967 Cron.
1027 3929 1102 3970 aaut.
1120 3927 1198 3977 suppl„
1219 3929 1277 3977 quod

119 3987 151 4026 40
162 3983 186 4020 tn
200 3983 231 4024 ed.
247 3983 348 4021 musteum
362 3985 393 4020 est
408 3983 468 4021 oculo
483 3982 572 4021 librarii
587 3994 601 4020 a
610 3983 688 4031 priore
701 3982 805 4022 Sanctam
820 3983 850 4021 ad
863 3982 1091 4029 infortuniorum.

163 4123 191 4186 1)
207 4121 300 4175 Potius
318 4125 348 4174 in
366 4124 459 4190 cipitia
477 4126 534 4176 etus
552 4125 638 4191 (Maii
656 4126 711 4189 18).
765 4123 794 4192 2)
813 4123 905 4175 Potius
923 4123 965 4174 dic
983 4122 1055 4174 Maii
1071 4124 1096 4177 θ.
1163 4125 1190 4189 3)
1214 4121 1277 4174 aa·

163 4193 287 4246 minum
303 4195 332 4249 V.
369 4194 444 4248 Haeo
461 4197 492 4246 in
511 4196 588 4249 Cron.
607 4195 810 4260 Reinbardsbm
831 4195 879 4247 SS.
899 4193 992 4259 XXX,
1017 4211 1044 4260 p.
1064 4195 1125 4258 639,
1143 4195 1277 4260 exempta

161 4271 233 4329 eunt,
251 4282 285 4318 aa
296 4281 327 4317 sc
338 4283 357 4318 a
373 4266 469 4319 Theod.
483 4266 572 4331 Pauli,
585 4267 670 4318 Focke
684 4283 713 4332 p.
726 4269 768 4322 80.
823 4268 851 4334 4)
866 4265 936 4316 Haec
949 4267 978 4316 in
991 4264 1070 4318 ΟΜ.
1082 4264 1276 4324 Rrirslmdsbn

159 4353 189 4404 p.
202 4338 263 4391 642.
281 4339 415 4406 campa
433 4343 505 4392 sunt.
558 4339 586 4404 ὃ)
603 4337 736 4390 Haittonc
754 4337 793 4402 II,
812 4341 874 4388 tunc
891 4341 1019 4402 reputate
1035 4335 1121 4388 Leone
1137 4337 1187 4391 IV.
