3222 4850
316 403 369 456 200
406 397 571 454 ORONIOA
584 398 611 454 S.
622 397 738 453 PETRI
749 397 1010 454 ERFORDENSIS
1023 397 1113 454 MOD.
1131 399 1166 454 A.
1179 401 1362 456 llas-1201.

230 598 306 652 1198.
318 582 480 666 Philippo
503 583 645 665 accepit.
687 583 856 647 Reversus
879 585 931 647 est
954 582 1061 646 eciam
1085 581 1325 646 Hermannus²
1344 581 1432 646 lant·

317 671 455 754 gravim
470 671 667 754 Thuringie,
693 672 752 754 qui
774 692 810 735 sc
834 671 952 755 paucis
972 671 1155 734 transactis
1172 671 1292 734 diebus
1309 669 1433 735 Ottoni

317 761 390 843 regi
418 760 613 824 iuramento
643 763 678 824 et
708 753 880 824 hominiob
912 760 1125 824 constrinxit.
1171 758 1271 824 Unde
1300 760 1431 842 regiam
1580 833 1582 846 p

225 870 279 914 nov.
287 873 307 911 1.
317 848 434 912 villam
451 848 671 914 Northusen⁰
692 849 782 913 circa
804 849 933 914 festum
957 848 1107 912 omniurn
1132 852 1328 912 sauctorum
1353 870 1432 912 cum
1582 858 1583 934 l

317 938 470 1001 exercitu
481 937 652 1002 obsessam
665 941 742 1021 post
754 957 812 1002 sex
826 938 1033 1002 ebdomadas
1045 937 1269 1020 plurimorum
1281 938 1458 1020 dampnos

316 1026 352 1089 in
383 1025 595 1091 dedicionem
624 1026 767 1110 accepit.
813 1021 965 1091 Salvelt‘1
992 1047 1126 1109 quoque
1155 1027 1284 1108 regiam
1312 1026 1433 1090 villam

254 1117 397 1179 beante
420 1115 592 1179 natalem⁰
620 1115 762 1180 Domini
790 1115 944 1179 collectis
974 1114 1142 1178 militibus
1165 1114 1280 1179 subito
1304 1119 1433 1179 eventu

315 1203 538 1268 inenarrabili
560 1204 681 1288 rapina
710 1206 746 1268 et
774 1225 795 1266 a
818 1203 933 1268 seculo
956 1203 1113 1268 inaudita
1137 1207 1172 1267 et
1194 1204 1354 1268 incendio
1378 1225 1433 1267 va·

316 1293 436 1370 stavit;
462 1293 551 1358 cives
575 1292 749 1356 hostiliter
772 1296 890 1376 captos
912 1291 1059 1356 vinculis
1090 1292 1308 1376 mancipavit.
1354 1292 1433 1356 Pre-

315 1383 421 1446 dones
445 1375 574 1446 eciamf
600 1381 820 1446 monasteriig
846 1382 957 1444 sancti
979 1381 1074 1445 Petri
1104 1381 1225 1446 ianuas
1255 1381 1433 1446 securibus
1444 1404 1471 1444 ro

316 1469 516 1534 exciderunt
546 1473 581 1534 et
611 1471 726 1534 omnia
752 1469 879 1534 ibidem
902 1470 939 1532 in
963 1469 1124 1546 claustro,
1149 1469 1357 1545 dormitorio,
1383 1491 1432 1534 re·

314 1558 460 1623 fectorio
482 1559 624 1622 inventa
647 1558 789 1642 pollutis
813 1561 848 1622 et
864 1558 1037 1642 sacrilegis
1063 1558 1219 1623 manibus
1241 1563 1433 1643 asportave-

315 1647 428 1711 runtl.
476 1647 519 1710 In
549 1647 626 1711 aliis
655 1647 784 1711 ibidem
814 1646 966 1710 ecclesiis
997 1647 1115 1711 eadem
1139 1650 1431 1732 presumpserunt.

224 1715 305 1824 ἓξὲξ·
421 1735 616 1801 MOXOIX.
663 1728 726 1799 In¹¹
754 1736 875 1800 Idibus
898 1736 981 1799 Iulii
1006 1735 1184 1800 cunradus
1207 1737 1433 1820 Mogontinus

261 1816 266 1826 ’
300 1815 608 1909 ¹archiepiscopus¹
644 1845 800 1890 reversus
834 1828 887 1888 est
921 1823 964 1888 ab
994 1824 1207 1889 Anthiochia
1241 1826 1285 1889 ad
1315 1828 1432 1909 partes
1443 1846 1471 1886 ra

316 1913 476 1997 Appulie.
522 1914 658 1979 Deinde
688 1914 775 1977 adiit
804 1913 992 1977 Romanam
1024 1915 1152 1977 curiam
1187 1916 1223 1978 et
1254 1913 1432 1978 dominum

315 2002 542 2086 apostolicum
572 2002 827 2079 Innocencium,
859 2002 984 2067 deinde
1018 2003 1236 2086 Mogonciam
1273 2006 1309 2067 et
1342 2002 1433 2066 Thu-

209 2109 265 2155 auo.
274 2107 307 2148 1⁵.
315 2090 471 2173 ringiam.
591 2090 668 2155 Hoc
703 2112 793 2155 anno
828 2091 864 2154 in
899 2091 1135 2174 assumpcione
1170 2094 1287 2156 sancte
1322 2091 1432 2156 Marie

315 2178 535 2243 Hermannus
562 2179 749 2264 Thuringie
780 2179 1003 2263 lantgravius,
1032 2179 1214 2264 reprobato
1240 2174 1342 2263 regek
1368 2201 1432 2244 suo

316 2267 454 2346 0ttone,
478 2268 641 2353 Philippo
671 2269 745 2353 regi
774 2289 809 2332 se
832 2269 1025 2333 iuramento
1050 2273 1084 2333 et
1107 2262 1277 2333 hominiol
1304 2269 1469 2352 obliga-ro

315 2357 375 2432 vit,
407 2358 578 2441 accipiens
600 2359 637 2421 in
660 2358 826 2422 beneficio
856 2358 967 2441 regias
997 2357 1097 2421 villas
1120 2358 1153 2420 N
1155 2359 1329 2436 orthusen,
1358 2357 1431 2420 Mu·

228 2481 304 2535 1200.
315 2446 497 2524 lehusenm‚
521 2447 653 2511 Salvelt
678 2467 756 2510 cum
778 2447 903 2510 finibus
925 2445 1032 2510 Orlan
1057 2450 1092 2511 et
1115 2451 1265 2510 castrum
1288 2447 1431 2510 Ranisa.

199 2549 304 2598 (ocant).
422 2535 566 2600 *MCO.⁰
598 2534 776 2600 Ohnradns
792 2535 1015 2619 Mogontinus
1039 2536 1314 2619 archiepiscopus
1333 2536 1429 2600 obiit.
1443 2563 1537 2608 mue.

315 2623 390 2702 Quo
414 2624 596 2702 tumulato,
621 2625 657 2688 in
681 2625 849 2690 electione
872 2625 1045 2708 pontificis
1068 2625 1233 2689 dissensio
1256 2625 1351 2689 facta
1366 2629 1430 2689 est.

315 2712 462 2791 Quidam
487 2713 666 2797 elegerunt
689 2713 886 2797 Lupoldum
910 2713 1202 2778 Wormacienscm
1233 2714 1430 2798 episcopum
1450 2738 1477 2776 a

315 2801 457 2867 consilio
488 2806 524 2865 et
553 2802 681 2866 auxilio
704 2801 868 2886 Philippi,
899 2802 1038 2885 quidam
1070 2803 1281 2886 prepositum
1312 2803 1431 2867 Sancti

315 2890 431 2954 Petri²
467 2889 678 2972 sigefridum
717 2891 759 2955 de
795 2889 1042 2975 Oppensteinv.
1090 2890 1218 2955 Verum
1251 2891 1430 2974 Lupoldus

314 2978 553 3062 Mogontinam
576 2981 612 3043 et
631 2979 922 3044 wormaciensem
945 2979 1123 3044 ecclesiam
1149 2983 1307 3062 potenter
1330 2979 1429 3044 rexit.

315 3066 506 3151 sigefridus
523 3066 688 3132 Ottonem
710 3088 826 3150 regem
842 3068 960 3132 adiens
984 3069 1076 3150 apud
1093 3066 1270 3131 Coloniam
1294 3067 1430 3132 investi·

314 3160 449 3220 turamq
480 3156 697 3240 episcopatus
727 3157 770 3220 ab
801 3177 841 3220 eo
871 3157 1031 3240 suscepit,
1063 3156 1178 3239 sicque
1208 3157 1469 3240 predacionesso

314 3265 353 3310 ac
377 3246 617 3310 truncaciones
640 3245 818 3308 hominum
842 3246 884 3309 ab
910 3246 963 3309 his
987 3245 1142 3328 partibus
1166 3245 1312 3329 plurime
1335 3245 1430 3310 facte

313 3338 405 3398 sunt.
512 3333 589 3398 Hoc
612 3354 702 3398 anno
726 3333 813 3398 obiit
836 3333 1028 3418 Sigefridus
1052 3333 1296 3398 Herveldensis
1324 3333 1430 3398 abbas

209 3439 303 3486 Aur-1³.
313 3424 350 3486 in
372 3423 463 3488 festo
486 3424 598 3488 sancti
613 3423 795 3506 Wigberti.
843 3422 908 3487 Oui
932 3423 1103 3487 Iohannes
1127 3425 1300 3488 successit.

226 3494 303 3547 1201.
419 3511 544 3577 MOOI.
585 3511 680 3576 Obiit
703 3512 924 3577 Eberhardus
940 3511 1211 3594 Mersburgensis
1235 3512 1428 3596 episcopus;

186 3563 370 3666 diddiloni
391 3601 622 3666 Theodericus
651 3601 829 3677 successit;
861 3600 948 3665 obiit
978 3620 1111 3683 quoque
1136 3599 1323 3664 Gardolfus
1348 3599 1468 3666 Hal-a

311 3806 334 3854 ι)
352 3807 417 3846 Anno
431 3805 593 3847 Mocxcvlno
607 3808 715 3848 llenrlcus
734 3809 800 3860 (salso
814 3820 841 3848 or
855 3807 891 3857 fl.)
909 3808 991 3858 lantgr.
1004 3808 1073 3851 'rhun
1087 3817 1112 3848 ss
1126 3806 1203 3847 Ottonl
1218 3807 1307 3858 regua)
1321 3807 1363 3850 lur.
1377 3818 1430 3856 per·-

309 3859 342 3908 ple
356 3859 383 3899 Ε.
437 3859 460 3907 b)
474 3861 525 3900 orno
539 3860 573 3908 E,-
587 3861 689 3910 homsglo
707 3861 729 3904 V.
744 3863 789 3904 LI.
850 3864 869 3910 c)
884 3862 1025 3901 n'orrnmann
1042 3863 1059 3903 1.
1113 3857 1137 3910 d)
1150 3862 1182 3900 αϊ
1195 3861 1220 3903 Ε.
1237 3861 1263 3904 N.
1278 3861 1327 3899 Υιτ
1342 3863 1352 3899 1
1367 3861 1430 3908 infra

311 3913 326 3954 1.
340 3913 377 3964 ²²3
399 3911 478 3953 Sslfsll
496 3913 517 3954 b.
531 3913 545 3955 l.
560 3915 579 3956 1.
633 3913 654 3964 s)
668 3915 737 3954 mral’
752 3917 769 3958 1.
784 3915 809 3957 Ε.
824 3913 846 3956 V.
902 3915 964 3964 {loir
978 3917 996 3955 1.
1015 3913 1043 3960 ἥ·
1063 3918 1086 3953 et
1100 3913 1125 3955 Ε.
1183 3913 1207 3964 g)
1221 3915 1251 3952 alc
1270 3913 1297 3962 V‚·
1319 3918 1430 3954 monaste-

312 3966 368 4004 rluru
383 3969 402 4007 1.
418 3965 445 4008 N.
460 3965 480 4004 Ε
492 3965 664 4018 (mannanhun
684 3969 754 4007 uncio
772 3980 801 4006 an
817 3969 892 4016 potius
910 3967 961 4005 baec
975 3967 1036 4006 lectio
1050 3977 1101 4006 reru
1115 3967 1143 4006 cll
1157 3971 1176 4005 el
1191 3968 1277 4006 verbum
1292 3972 1344 4016 pou
1358 3967 1429 4014 Petri,

311 4022 334 4056 ue
347 4020 484 4068 inruerunt,
505 4019 792 4069 spoliandarum-1¹1.
844 4021 910 4070 h)1n
924 4041 950 4050 -
964 4019 1120 4072 Maris(1.19)
1135 4021 1215 4062 ΜΕ.
1264 4021 1280 4068 l)
1294 4020 1341 4070 eps,
1356 4021 1467 4070 eodem«)

311 4081 377 4110 manu
391 4081 496 4120 aspernor.
510 4072 573 4112 archi
588 4075 607 4114 1.
660 4073 684 4121 h)
698 4085 737 4113 suo
751 4085 804 4124 repe
817 4073 844 4116 Ε.
898 4073 913 4120 l)
928 4073 979 4112 omo
994 4073 1018 4114 Ε.
1082 4075 1112 4120 ru)
1126 4073 1217 4112 Molhul
1232 4073 1258 4116 Ε.
1316 4075 1340 4123 ιι)
1354 4075 1430 4124 Rsny·

311 4123 342 4170 85
356 4123 375 4164 Ο
389 4131 465 4164 sancte
479 4125 589 4165 Ieroulme
604 4126 662 4173 aad„
673 4132 722 4174 poet
736 4127 776 4168 del.
791 4129 810 4170 1,
863 4129 885 4173 o)
899 4127 950 4164 haec
965 4147 990 4154 —
1004 4126 1051 4165 lloc
1065 4137 1123 4165 anno
1137 4129 1172 4176 (p.
1185 4127 1231 4176 201,
1251 4127 1264 4170 l.
1281 4129 1299 4169 1.
1313 4127 1334 4178 2)
1348 4139 1390 4169 om.
1403 4127 1430 4170 Ε,

311 4175 335 4224 p)
348 4175 487 4226 appensam
502 4177 529 4220 N.
583 4181 607 4227 q)
620 4179 756 4219 inuenturum
771 4183 790 4222 1.

313 4371 339 4435 1)
361 4369 403 4433 Os.
423 4371 502 4426 (hon.
522 4371 715 4426 Reinhurdsbr.
731 4389 760 4439 p.
773 4375 826 4428 560
838 4389 876 4439 aq.
949 4374 976 4438 2)
995 4371 1158 4438 Mopmrrnr.
