3240 4858
335 367 391 422 292
482 361 648 417 ΟΒΟΝἹΟΑ
661 361 689 416 S.
699 359 814 416 PETRI
826 359 1086 417 ERFORDENSIS
1099 361 1188 419 MOD.
1209 363 1244 416 A.
1256 367 1332 421 1288.

250 553 400 631 1288.ριιε
425 545 780 622 Wratislameneis⁸·¹,
812 547 993 629 portquam
1022 566 1083 629 per
1113 539 1263 629 aliquoth
1292 566 1399 611 annos
1429 568 1451 610 a

338 636 424 700 duce
448 634 589 699 Polonie
620 633 785 700 Heinrioo
816 655 836 697 a
866 653 927 696 sna
957 634 1036 698 sede
1065 635 1227 718 expulsus
1256 635 1388 708 fuisset,
1415 640 1451 700 et

337 745 406 789 non
436 723 547 788 solum
576 724 659 807 ipse,
684 722 744 787 sed
775 727 810 787 et
840 721 975 805 plures⁰
1003 721 1154 807 religiosi
1183 727 1219 788 et
1242 723 1366 800 cleriei,
1391 725 1451 807 qui

338 813 448 878 eidem
479 813 638 897 episeopo
669 812 864 886 astiterunt,
889 831 910 874 a
939 811 1008 874 ouis
1038 812 1253 876 monasteriis
1284 817 1319 878 et
1347 813 1450 878 eecle-

337 901 395 966 siis
419 901 520 966 eieoti
535 901 692 978 fuissent,
716 901 856 965 tandem
873 899 1022 965 Domino
1038 900 1241 984 disponente
1265 901 1308 965 ab
1332 903 1451 966 eodem
1470 923 1486 962 e

338 991 424 1056 duce
440 991 485 1054 ad
500 1009 597 1054 suam
613 990 727 1054 sedem
743 993 932 1066 revocatus,
957 987 1200 1072 gloriosissima
1215 990 1451 1055 satisfactione

337 1080 525 1143 honoratus
548 1081 610 1143 est.
718 1071 870 1142 Eodemd
896 1098 986 1141 anno
1009 1077 1117 1142 frater
1137 1077 1321 1143 Heinrions
1344 1079 1452 1144 arohi-

167 1168 516 1252 (nannonoiepiaoopus
539 1167 762 1250 Mogontinus
785 1166 881 1243 obiit,
906 1169 941 1230 et
964 1167 1099 1231 vaeavit
1121 1168 1218 1232 sedes
1240 1187 1301 1251 per
1323 1189 1451 1232 annum

337 1261 372 1322 et
395 1260 466 1322 tres
493 1275 625 1321 menses
635 1256 656 1316 ².

228 1326 328 1442 mm}
443 1345 525 1429 ipso
560 1364 650 1408 anno
680 1343 855 1408 Honorius
888 1364 978 1427 papa
1008 1347 1162 1408 mortuus
1189 1348 1257 1422 est3
1293 1366 1353 1428 pro
1383 1365 1451 1428 quo
1463 1369 1490 1406 ιο

256 1408 294 1445 μ’
309 1401 502 1498 ''Nicolaus
526 1431 630 1517 *papa
653 1433 695 1497 de
719 1433 839 1497 ordine
861 1432 1009 1495 fratrum
1032 1433 1205 1497 Minorum
1229 1433 1378 1517 eligitur.
1463 1457 1556 1506 *μοι

250 1522 327 1576 1288·
444 1522 520 1586 Hoo
551 1521 658 1586 eciam
691 1542 782 1585 anno
816 1521 929 1604 gravis
960 1521 1144 1586 dissensio⁰
1172 1525 1249 1586 orta
1278 1526 1331 1586 est
1359 1523 1452 1587 inter

339 1611 515 1676 dominum
539 1610 835 1694 arehiepiscopum
859 1609 1024 1674 Siiridum
1049 1609 1286 1675 Coloniensem
1318 1611 1451 1675 dietum

337 1699 488 1764 Runohil
512 1702 548 1764 et
571 1719 649 1763 euos
676 1699 766 1762 cives
791 1698 1019 1776 Colonienses,
1043 1698 1246 1781 quibusdam
1276 1699 1452 1764 nobilibus

337 1788 534 1853 foventibus
557 1791 691 1872 portem
715 1785 979 1852 Coloniensium.
1026 1786 1100 1866 Que
1122 1788 1159 1850 in
1181 1791 1317 1852 tantum
1342 1809 1490 1853 exere-15

251 1878 397 1952 tuno-vit,
422 1881 462 1939 ut
486 1876 637 1941 exercitu
661 1897 702 1940 ex
724 1879 871 1958 utraque
893 1879 992 1961 parte
1016 1880 1223 1959 congregato
1252 1897 1356 1960 grave
1379 1897 1452 1961 pre-

338 1959 445 2028 liumf
471 1963 799 2047 consequentum
829 1965 866 2028 in
889 1985 956 2047 quo
979 1964 1081 2028 multi
1104 1966 1146 2029 de
1170 1965 1322 2030 exercitu
1345 1967 1452 2030 arohi-

339 2047 511 2138 episcopih
537 2053 706 2138 perempti
736 2056 827 2116 sunt.
873 2053 991 2136 Ipsum
1014 2073 1095 2118 vero
1125 2054 1322 2138 episcopum
1346 2056 1451 2138 eapti-

338 2164 419 2206 vum
443 2143 661 2214 deducentes,
686 2143 737 2205 ita
766 2145 806 2204 ut
837 2145 911 2206 erat
934 2145 1096 2216 armatus,
1120 2142 1157 2205 in
1180 2141 1318 2208 vincula
1342 2144 1451 2208 conie-

339 2235 469 2295 cerunt.
560 2223 658 2314 Ips0¹
677 2231 743 2306 die,
767 2250 835 2312 quo
857 2230 922 2294 heo
944 2225 1061 2294 facta*
1080 2235 1161 2294 sunt
1185 2229 1336 2309 Colonie,
1361 2226 1444 2296 hoe¹
1463 2255 1493 2294 ao

250 2324 390 2384 aerest
413 2321 450 2383 in
473 2320 529 2384 <lie
552 2319 663 2383 sancti
686 2318 857 2382 Bonifaoii
880 2319 1127 2402 archiepiscopi
1156 2324 1193 2386 et
1215 2321 1374 2398 martirio,
1400 2341 1452 2385 oo·

338 2409 399 2473 cisi
429 2412 510 2473 eunt
533 2407 679 2472 Saxonie
710 2407 744 2470 in
776 2407 915 2472 civitate
945 2428 1011 2490 qne
1039 2411 1182 2472 vocatur
1211 2407 1452 2474 Helmistetem

336 2496 562 2562 erudelissimi
584 2496 714 2560 tiranni
737 2499 772 2560 et
795 2496 981 2579 predivites
1007 2499 1162 2580 raptores
1185 2498 1287 2561 Anno
1312 2502 1347 2562 et
1371 2498 1452 2562 Hei-

335 2591 401 2650 no¹¹
429 2586 514 2649 dieti
536 2585 579 2650 de
603 2584 733 2667 Lapide
758 2587 793 2648 et
816 2585 1002 2648 advocatus
1026 2583 1280 2649 Hildemarus⁴.

442 2673 572 2738 Eodem
596 2694 685 2737 anno
709 2676 864 2736 mortuus
887 2676 940 2737 est
962 2673 1107 2737 illustris
1134 2674 1292 2758 princeps
1316 2674 1494 2740 Heinrieo

337 2783 395 2827 one
419 2762 571 2826 marchio
595 2761 795 2838 Misnensis;
826 2764 904 2844 post
927 2761 1024 2826 ouius
1048 2766 1192 2827 mortem
1216 2763 1364 2827 maxima
1387 2765 1451 2828 dis·

336 2850 452 2916 cordia
475 2853 550 2914 orta
573 2852 626 2914 eat
647 2849 740 2913 inter
762 2851 994 2915 marchionem
1017 2850 1228 2916 Fridericum
1252 2852 1295 2916 de
1311 2851 1452 2916 Landis·

336 2939 449 3012 bero⁰,
474 2937 584 3002 filium
607 2938 829 3002 Theodorioip
857 2939 1074 3016 marchionis,
1099 2943 1134 3004 et
1164 2940 1341 3024 episcopos
1364 2941 1451 3005 Mer·

335 3025 598 3112 seburgensem⁵
621 3031 655 3090 et
671 3025 1040 3111 Nuwenbnrgensemss,
1065 3029 1258 3092 astantibus
1281 3029 1452 3113 episeopis

335 3116 516 3181 iuvenibus
537 3115 739 3197 lantgravii·
763 3114 936 3180 Friderioo
960 3120 995 3180 et
1018 3115 1259 3182 iteemannoq.
1369 3117 1450 3203 Ipso
1462 3146 1495 3184 ao

335 3197 460 3270 eoiam¹
495 3223 585 3268 anno
615 3202 828 3288 lantgravius
857 3203 1022 3269 Albertus
1053 3204 1165 3270 senior
1195 3208 1317 3288 oaptns
1347 3211 1400 3270 est
1431 3228 1451 3269 a

335 3294 406 3358 filio
437 3298 519 3358 suor
546 3291 720 3356 Friderico
751 3295 787 3355 et
815 3291 993 3374 aliquanto
1019 3295 1173 3376 tempore
1203 3293 1246 3358 ab
1271 3314 1311 3358 eo
1334 3295 1451 3359 deten-

335 3386 411 3447 ωε·
440 3385 502 3447 est.

229 3490 326 3539 separo.
441 3470 570 3535 Eodem
601 3489 692 3532 anno
726 3469 817 3533 oiroa
849 3468 979 3534 festum
1013 3470 1143 3534 sanatip
1174 3469 1355 3536 Miohaelis
1390 3493 1453 3556 per

334 3675 357 3726 ι)
371 3677 461 3720 Vrathi
475 3677 500 3720 Ε.
567 3677 590 3726 b)
604 3677 689 3726 aliquos
703 3677 728 3718 Ε.
796 3673 817 3726 o)
831 3675 869 3714 alii
884 3676 934 3719 adel.
948 3676 974 3718 Ε.
1027 3673 1050 3724 d)
1064 3675 1121 3720 Eod.
1133 3699 1160 3708 -
1174 3677 1264 3726 eligitur
1277 3679 1303 3724 (1.
1318 3681 1354 3728 11)
1369 3691 1411 3722 om.
1425 3681 1451 3724 Ε,
1462 3689 1493 3729 35

335 3729 356 3780 e)
370 3727 456 3770 nodam
469 3741 491 3770 a.
505 3741 538 3779 gr.
552 3740 662 3780 gwerra
676 3733 704 3770 et
717 3726 864 3769 diroordia
878 3729 904 3772 Ε.
958 3726 1069 3780 Obeilnm
1084 3731 1110 3772 Ε.
1163 3729 1187 3781 3)
1200 3731 1231 3769 oio
1244 3731 1271 3770 Ε.
1288 3733 1378 3782 Μ,,·
1398 3745 1449 3773 oon·

334 3787 420 3822 seretur
434 3784 458 3832 ¹3
479 3791 634 3823 contereretur
648 3783 675 3825 N.
743 3783 766 3830 h)
780 3779 879 3830 epinoopi
893 3781 918 3824 Ε.
971 3781 1086 3830 1)Eodem
1101 3783 1125 3826 Ε.
1180 3783 1204 3834 k)
1217 3784 1248 3823 oio
1262 3785 1294 3832 E,·
1314 3785 1361 3829 to.
1376 3797 1417 3829 om.
1432 3789 1452 3830 1,

334 3835 350 3884 l)
365 3836 406 3875 hoo
419 3857 445 3864 -
459 3835 556 3875 martirio
570 3847 611 3879 om.
624 3836 650 3878 Ε.
717 3835 748 3886 m)
768 3835 891 3875 Holmteto
904 3834 930 3878 Ε.
996 3837 1020 3883 n)
1040 3837 1119 3888 Hoyno
1133 3836 1159 3878 Ε,
1226 3837 1249 3888 ο)
1271 3837 1409 3889 unduoerg
1422 3840 1450 3880 Ε.

333 3887 357 3938 p)
370 3899 412 3932 om,
426 3888 451 3931 Ε,
504 3890 528 3936 q)
541 3889 676 3928 'I'lremanno
690 3888 716 3932 Ε.
777 3887 797 3938 r)
810 3889 841 3927 otc
855 3886 916 3930 Μ.
929 3887 955 3931 Ε.
969 3888 1017 3931 Η.
1030 3889 1075 3932 31.
1091 3888 1125 3937 is,-
1146 3901 1187 3932 om.
1202 3891 1220 3932 1.
1235 3891 1281 3934 m.
1336 3895 1357 3944 s)
1370 3890 1451 3933 eodem

334 3949 406 3981 tonino
419 3941 445 3984 Ε,
458 3961 484 3970 -
498 3945 534 3981 out
547 3951 588 3984 om.
602 3940 660 3984 Μ.
1460 3956 1493 3995 40

335 4117 361 4182 1)
385 4115 500 4168 Thonm
518 4114 557 4169 ΙΙ.
582 4115 722 4171 Zaronbo.
803 4117 831 4182 2)
857 4116 921 4168 Non
943 4131 992 4184 per
1009 4133 1112 4169 annum
1137 4121 1289 4185 impr-um
1314 4121 1349 4185 of.
1369 4123 1451 4186 infru

329 4203 358 4252 p.
372 4187 433 4250 293,
452 4201 479 4239 n.
491 4187 517 4239 2.
589 4185 618 4252 3)
636 4186 722 4252 Propo
737 4185 903 4252 Wominoon.
975 4187 1002 4250 4)
1023 4187 1066 4251 Cf.
1080 4189 1160 4244 Oron.
1179 4190 1275 4242 dmm
1293 4192 1324 4243 do
1342 4191 1454 4244 Brane-

333 4257 399 4308 un'olc
416 4271 436 4310 o.
450 4257 493 4321 20,
512 4253 557 4310 ⁴1).
571 4255 644 4309 Chr!
657 4256 696 4316 ΙΙ,
710 4273 741 4322 p.
754 4259 814 4312 587.
833 4264 856 4309 ot
875 4257 922 4310 SS.
935 4257 1027 4320 XXX,
1044 4261 1131 4324 p.27;
1151 4261 1229 4314 Ormi.
1242 4261 1452 4328 Reinhordobr„

333 4327 367 4380 ih.
384 4343 411 4393 p.
430 4327 491 4380 623.
563 4327 591 4393 5)
610 4325 766 4378 Heinrioum
785 4327 825 4381 ΙΙ.
897 4329 925 4392 6)
942 4327 1101 4382 Brunonom.
