3230 4852
386 365 504 424 LIBER
521 366 771 424 ORONIOORUM
789 367 1057 424 ERFORDENSIS.
1226 374 1280 428 745

169 567 203 618 et
221 562 398 632 quomodo
416 563 549 617 frondosis
567 563 710 618 arboribus
728 563 901 632 fontibusque
922 553 958 615 et
980 550 1081 616 altis*
1103 553 1278 618 montibus
1288 577 1370 630 tkrp.
1377 580 1424 623 rra.

168 634 558 702 veneracionem'exhibehant,
570 639 697 689 huncum
706 650 814 702 quoque
826 633 894 703 ligni
905 651 960 688 non
969 633 1073 704 parveb
1084 636 1279 706 magnitudinis

168 706 196 758 in
209 705 295 758 altum
305 710 425 760 erectum
439 706 489 759 sub
499 705 562 760 divo
572 705 704 772 colebant,
717 705 884 774 appellantes
897 721 959 759 eum
968 706 1058 775 patria
1069 706 1163 776 lingua
1172 706 1277 762 Irmen-

168 776 242 844 sule,
261 775 335 844 quod
352 775 451 831 latine
470 776 570 830 dicitur
587 776 745 831 universalis
763 776 916 845 columpna,
935 776 1010 846 quasi
1028 777 1161 832 sustinens
1179 780 1278 848 omnia,

139 872 153 912 e
169 856 204 918 et
220 853 389 937 quomodo
405 853 520 918 vetule
536 848 717 918 mulieres‘¹
728 856 764 918 et
780 855 935 918 matrone
951 873 1011 937 per
1025 856 1136 919 varias
1151 855 1278 920 illusio·

167 961 229 1007 nes
252 942 435 1005 demonum
451 942 593 1025 decepte
616 941 787 1026 putabant
810 961 845 1005 se
869 941 1023 1025 equitare
1045 943 1100 1008 vel
1116 945 1279 1010 scandere

167 1031 204 1093 in
228 1031 398 1113 scampnis
421 1030 474 1094 vel
498 1030 627 1115 scopis⁰
657 1023 739 1094 antr
758 1029 835 1093 aliis
856 1029 1062 1096 utensilibus
1085 1033 1122 1095 in
1144 1037 1278 1098 montes

169 1117 483 1203 Brontensberg⁸·1
499 1122 534 1184 et
549 1119 678 1184 ibidem
688 1122 940 1197 concertantes,
960 1135 1067 1200 atque
1086 1133 1138 1186 alia
1155 1133 1277 1188 innume-
1287 1147 1316 1190 u.

167 1201 265 1256 rabilia
289 1219 389 1272 genera
413 1217 544 1256 vanarum
569 1201 804 1271 supersticionum,
829 1202 927 1271 quibua
949 1201 1086 1272 inplicitih
1107 1205 1278 1275 tenebantur,

135 1274 386 1344 1⁰observabant,
415 1290 479 1342 ego
507 1291 570 1342 pro
597 1290 689 1328 nunc
716 1277 850 1342 pretereo.
891 1272 961 1328 Sed
987 1274 1038 1330 heo
1065 1275 1279 1344 supradicta

168 1344 229 1398 ideo
257 1344 478 1412 commemoravi,
505 1349 541 1397 ut
566 1344 685 1413 prudens
711 1345 798 1398 lector
822 1348 958 1414 agnoscat,
983 1362 1000 1399 a
1025 1345 1131 1414 quentis
1155 1363 1279 1401 errorum

169 1415 289 1470 tenebris
313 1433 363 1484 per
388 1414 440 1469 Dei
464 1415 584 1484 graciam
610 1415 664 1468 sint
690 1414 807 1483 liberati,
832 1415 879 1485 qui
898 1419 976 1470 erant
993 1417 1078 1469 olim
1097 1417 1167 1471 sicut
1185 1434 1278 1472 omnes

168 1486 295 1540 naciones
321 1484 496 1540 Germaniam
521 1486 764 1540 inhabitantes
788 1485 890 1554 quasi
915 1485 1027 1540 eciam
1051 1493 1149 1541 natura
1174 1488 1279 1543 feroces

169 1562 197 1612 et
215 1557 301 1611 cultui
319 1556 466 1611 demonum
486 1556 571 1610 dediti
589 1574 706 1625 vereque
724 1557 850 1626 religioni
869 1557 998 1611 contrarii
1017 1575 1104 1627 neque
1123 1559 1214 1613 divina
1232 1577 1278 1614 na-

134 1644 221 1696 ruque
238 1628 357 1682 humana
376 1627 436 1681 iura
453 1627 606 1699 transgredi
624 1627 749 1681 illicitum
761 1627 805 1681 vel
822 1626 995 1682 inhonestum
1014 1635 1074 1682 aut
1091 1635 1278 1700 peccatum

169 1703 303 1769 putantes.
339 1697 420 1754 Unde
438 1699 540 1752 iactum
559 1697 615 1753 est¹
624 1738 632 1765 ,
651 1698 724 1769 quod
742 1715 804 1752 cum
822 1698 944 1752 finitimis
962 1700 1016 1754 suis
1035 1703 1063 1753 et
1080 1701 1197 1756 maxime
1216 1719 1278 1756 cum

168 1775 352 1860 Thuringis
375 1779 411 1840 et
434 1787 546 1842 Fhanois
565 1787 625 1842 lites
644 1791 726 1856 atque
744 1786 892 1841 discordias
910 1787 1055 1845 habebant
1094 1832 1277 1848 .....

169 1858 225 1912 Sed
242 1858 311 1913 sicut
329 1856 363 1911 ad
381 1856 431 1912 hec
449 1858 574 1913 iacienda
592 1857 757 1927 aliquociens
775 1859 856 1927 proni
874 1858 1038 1928 fuerunt,
1059 1859 1117 1914 sict
1139 1861 1225 1916 eciam
1243 1861 1279 1915 ad

168 1947 219 2001 hec
238 1946 332 2001 eadem
350 1947 531 2015 pervertenda
554 1963 661 2016 semper
681 1947 826 2016 precipites
847 1947 977 2002 luerunt
999 1957 1106 2020 usque
1129 1939 1173 2002 ad
1196 1941 1278 2003 tem·

133 2045 252 2108 sopora
274 2017 411 2088 Karoli¹
440 2023 570 2108 Magni.
616 2023 684 2089 Sed
712 2024 778 2088 iste
801 2023 1031 2090 Theodericus
1053 2047 1112 2091 rex
1135 2027 1278 2092 thanco-

166 2134 252 2190 rum,
283 2113 343 2195 qni
371 2112 437 2176 hoc
467 2112 592 2176 malum
621 2133 785 2196 magnum
807 2112 992 2198 Thuringis
1014 2115 1161 2194 induxit,
1186 2115 1277 2200 qnod

167 2202 316 2266 Saxones
345 2200 474 2264 incolas
501 2201 604 2265 huius
629 2205 721 2265 terre
743 2201 838 2278 fecit,
862 2223 932 2266 non
954 2204 1114 2268 transivit
1135 2205 1275 2288 inpune.

166 2285 250 2339 Nam
276 2301 353 2338 cum
377 2287 632 2338 reverteretur
656 2301 673 2338 a
698 2284 784 2338 cede
803 2284 968 2338 fraterna
986 2285 1085 2340 iacta
1103 2303 1178 2340 cum
1197 2287 1444 2358 Gelo-rumiliac.

165 2355 372 2410 niensibusm
398 2359 432 2408 et
456 2353 582 2410 fratrem
606 2372 703 2408 suum
731 2354 867 2409 ibidem
890 2355 1132 2410 Theodebertumn
1160 2357 1275 2411 truci·

131 2427 288 2481 audasset
313 2429 347 2480 et
370 2426 584 2494 perveniret
608 2427 642 2478 in
668 2425 804 2480 civitatem
823 2425 985 2495 Matensem,
1009 2426 1101 2481 divino
1120 2429 1196 2498 igni⁰
1220 2446 1276 2484 cre·

167 2502 257 2551 matus
275 2496 364 2550 iuit'
382 2513 453 2552 anno
471 2497 582 2551 Domini
599 2496 815 2566 quingentesimo
834 2495 985 2554 XXXVII.

276 2569 386 2656 [Anno
417 2574 557 2639 Domini
589 2571 867 2636 DCXXXIIII.p
910 2584 1081 2656 Dagabertus
1107 2587 1136 2640 in
1162 2585 1367 2642 Franciaeoup.

168 2657 240 2710 solus
258 2656 402 2726 regnavit
420 2659 455 2712 ab
473 2657 615 2727 Hyspania
633 2673 716 2724 usque
734 2655 912 2724 Pannoniam,
932 2658 972 2711 ab
985 2657 1150 2726 Aequitauia
1167 2644 1407 2726 usqueffl¹²²⁸·

167 2727 318 2782 Bavariam
344 2731 378 2782 ei
402 2745 486 2797 usque
504 2726 663 2798 Unguriam,
692 2726 809 2780 Bewaris
833 2744 974 2798 quoque
995 2729 1069 2799 leges
1090 2728 1174 2797 dedit,
1193 2728 1277 2784 Saxo-

131 2799 240 2855 uoniam
259 2815 398 2867 quoque
417 2799 488 2853 sibi
506 2797 723 2868 subiugavitl.

184 2940 206 2994 ff
273 2870 356 2923 Anno
385 2870 496 2924 Domini
525 2871 764 2940 septingentesimo
793 2867 948 2926 LXXVM
982 2868 1102 2925 Suones
1132 2870 1278 2926 Christiani
1286 2885 1365 2934 Mass.

168 2957 182 2994 e
204 2941 278 2995 cotir
300 2945 370 3000 sunt.

278 3017 403 3082 'Porro
437 3018 480 3082 de
514 3018 646 3102 origine
680 3015 1018 3101 Longobardorum‘,
1054 3019 1203 3103 qualiter
1236 3041 1278 3085 ex

168 3109 292 3190 genteu
311 3105 564 3201 'thuringorum
585 3107 755 3201 procreati
770 3106 881 3184 eunti,
901 3119 987 3174 item
1005 3119 1039 3174 de
1057 3119 1163 3188 origine
1181 3119 1423 3193 Hunc-suaper,

130 3187 1075 3262 atrurn,quomodo1lliuat1suntdemulieribusmagis,
1095 3193 1278 3260 queAlrune

168 3266 349 3326 uocantum,
377 3262 417 3315 ab
443 3260 564 3314 exercitu
591 3259 675 3342 regia
700 3259 879 3313 Gothorumv
907 3277 967 3315 seu
992 3260 1199 3316 Schitsrumw
1224 3263 1277 3315 in·

168 3331 351 3402 pregnatis1,
377 3348 453 3385 cum
477 3349 540 3401 per
564 3329 803 3385 solitudinem
829 3332 1005 3386 transiret
1023 3350 1147 3388 versus
1165 3333 1278 3402 paludes

167 3475 190 3522 a)
203 3475 254 3514 allis
268 3475 287 3517 t.
353 3473 377 3524 b)
390 3474 455 3524 parvi
469 3475 502 3514 2⁸.
570 3473 592 3525 c)
606 3473 714 3514 Irmeusol
727 3473 747 3515 t.
813 3472 837 3524 d)
858 3475 910 3517 mul.
924 3479 943 3514 st
956 3480 1020 3518 matr.
1036 3486 1077 3518 om.
1090 3476 1110 3525 2,
1125 3477 1197 3526 spurio
1211 3487 1278 3516 cocao

168 3528 222 3576 νει,-
242 3529 301 3568 Nota
315 3527 432 3568 ridiculosa
447 3528 469 3566 in
483 3539 552 3578 marg.
567 3530 586 3570 1.
653 3531 674 3576 a)
688 3526 759 3566 soobls
773 3527 793 3568 t.
854 3528 922 3578 nuel
937 3530 954 3571 1.
1015 3532 1039 3580 g)
1052 3529 1238 3580 Brockausbargh
1252 3530 1279 3579 ἲς

128 3580 371 3632 toumgkaasoargt.
426 3581 449 3628 h)
462 3581 547 3630 ipllostl
561 3583 580 3623 1.
620 3581 637 3628 l)
650 3591 691 3622 cm.
704 3580 724 3622 t.
778 3579 848 3629 hlslc
861 3602 887 3611 -
901 3583 991 3622 merant
1005 3593 1045 3624 om.
1060 3579 1094 3626 2¹³.
1146 3584 1163 3632 l)
1176 3583 1245 3623 caroli
1259 3583 1279 3628 2.

168 3636 198 3680 m)
212 3635 291 3676 collon.
305 3631 338 3676 th.
387 3632 411 3682 n)
425 3632 593 3674 theodobertum
608 3636 627 3676 1.
642 3635 678 3684 1¹3
692 3631 843 3674 theodericum
857 3632 890 3678 ib.
931 3638 953 3683 c)
966 3636 1017 3686 lgna
1032 3639 1062 3678 1⁸.
1076 3633 1142 3679 Mb.
1182 3635 1206 3686 p)
1219 3637 1280 3676 ancia

168 3688 217 3729 iret.
237 3689 249 3728 8
269 3688 339 3727 solum
360 3688 437 3735 huben
458 3687 482 3730 G.
500 3687 615 3727 xxxim.
633 3686 653 3730 u.
720 3687 743 3736 q)
764 3685 822 3730 dom.
840 3687 974 3731 CCLXXVI.
992 3690 1017 3740 ῆς
1036 3686 1096 3729 dom.
1115 3690 1278 3739 septuagaaimo

167 3746 231 3780 sexto
253 3738 285 3784 2¹¹.
353 3741 373 3792 r)
394 3739 448 3780 iacti
468 3738 501 3782 2¹¹.
521 3741 540 3784 t.
607 3739 628 3792 s)
647 3741 682 3780 De
702 3741 787 3791 origine
807 3741 1004 3791 Langobardorum
1025 3742 1085 3785 rubr.
1102 3743 1227 3793 memissa
1247 3743 1279 3786 ia

169 3794 186 3843 t)
209 3791 338 3844 langobard.
358 3795 385 3844 2,
409 3791 540 3844 longobard.
561 3796 593 3834 1⁸.
615 3791 648 3836 2b.
728 3796 751 3841 u)
775 3805 815 3836 om.
837 3794 869 3837 tt
950 3799 973 3843 v)
995 3807 1036 3838 om.
1057 3797 1096 3846 ²⁸3
1120 3795 1238 3837 Gottorum
1259 3796 1279 3839 ³.

127 3845 158 3886 45
168 3850 198 3897 w)
207 3848 335 3899 schytarurn
343 3845 380 3898 ²⁶3
390 3847 511 3887 scitharum
519 3848 551 3887 2⁸.
600 3849 622 3896 x)
629 3847 752 3896 mmdarir
760 3847 905 3898 inpregnata
915 3851 934 3891 1.
943 3849 962 3892 1.
971 3849 1004 3888 tt·
1013 3845 1032 3892 b.
1042 3849 1066 3900 ³5
1076 3851 1278 3900 impregnantur.

169 3973 196 4038 1)
218 3971 252 4023 Ia
269 3974 392 4038 marpissa
408 3972 504 4024 corae
522 3973 536 4026 1
556 3972 710 4024 wammam
727 3978 779 4024 cat:
804 3968 859 4024 Hic
877 3987 954 4026 mons
972 3975 1013 4026 est
1031 3989 1117 4042 prope
1136 3972 1278 4026 Wernich·

168 4040 235 4095 rode
254 4040 407 4108 altissimus,
425 4040 527 4095 habens
545 4040 649 4095 iontem
667 4041 754 4094 insui
773 4041 920 4102 cacumine.
1016 4045 1045 4114 2)
1068 4045 1238 4098 Theodericus
1255 4045 1277 4100 Ι.

167 4121 191 4166 at
204 4113 243 4168 ΙΙ.
261 4119 355 4166 credor
371 4113 499 4179 confudit,
519 4129 544 4168 α.
558 4115 618 4169 537.
637 4113 713 4164 idum
731 4113 883 4177 defunctum
900 4130 952 4167 saaa
969 4117 999 4166 iss
1010 4115 1172 4168 Eklrelsardi
1182 4116 1278 4172 caron.

164 4201 194 4252 p.
215 4187 275 4240 140.
300 4184 369 4251 least.
454 4185 486 4251 3)
502 4184 605 4236 Ekloah.
627 4185 736 4252 p.142.
760 4185 791 4235 s'n
811 4199 868 4252 cap.
887 4183 1017 4253 Hysteria
1034 4185 1279 4256 Langobardorum

126 4273 159 4313 eo
168 4255 366 4322 Apslmuadum
383 4271 469 4322 repam
481 4255 721 4322 Langobardorum
733 4253 768 4307 de
785 4259 867 4324 gente
879 4253 1081 4327 Thuringorum
1096 4265 1186 4310 onum
1197 4261 1281 4324 fuisse

168 4333 271 4379 exutus
288 4327 371 4379 Pauli
387 4325 459 4380 Haut.
478 4325 595 4392 Lanpot.
614 4327 701 4387 dixin
725 4325 794 4379 unde
811 4332 904 4379 ardor
921 4327 984 4380 haec
1007 4331 1144 4398 scripsere
1166 4331 1279 4385 addar.
