3216 4854
336 381 528 439 ORONIOAE
544 381 697 444 eruum
709 365 867 438 ausono.
886 379 1143 437 1111111111.
1251 385 1303 440 sao

189 573 307 631 festum
331 573 435 648 agitur
457 573 556 630 altera
580 573 630 630 die
652 576 725 647 post
741 571 863 641 calixti,
887 573 920 630 id
935 575 985 629 est
999 571 1033 629 in
1047 571 1187 646 profesto
1202 571 1304 628 sancti

189 661 279 720 Galli.
325 660 407 718 Item
437 662 477 719 de
507 664 617 720 sancto
646 661 796 719 Mauricio
826 660 998 718 notabilem
1025 661 1210 735 portionem.
1257 660 1304 718 Dc

189 755 299 808 sancta
314 750 430 808 Ursula
451 751 560 824 regina
582 765 619 808 ac
638 750 774 809 martire.
807 749 854 808 De
871 749 980 807 tunice
1003 752 1111 806 sancte
1130 748 1303 817 Elisabeth,

189 840 229 897 de
251 842 362 898 sancto
382 837 523 897 Stellano
538 839 789 914 prothomartire‚
814 839 853 896 de
868 841 978 896 sancto
993 838 1129 896 Martino
1148 838 1302 912 episcopo.

160 929 235 986 sDe
264 928 402 986 crinibus
432 928 524 986 beate
547 927 644 985 Mario
675 945 798 1003 semper
821 927 959 1002 virginis.
1004 926 1086 984 Item
1116 927 1196 984 duas
1226 927 1304 983 satis

188 1033 321 1092 magnas
344 1017 506 1092 porciones
525 1017 564 1074 de
587 1016 736 1075 societate
760 1017 861 1074 sancti
876 1015 1026 1074 Gereonis
1044 1015 1191 1073 martiris.
1223 1015 1323 1080 Item,
1366 1029 1368 1036 ’

187 1105 360 1164 notabilem
382 1106 561 1180 porcionem
585 1106 624 1163 de
647 1105 749 1180 capite
771 1106 866 1164 unius
889 1123 927 1164 cx
950 1105 1100 1164 societate
1123 1105 1222 1162 sancti
1248 1101 1305 1160 Ge·

189 1195 301 1253 roonis.
335 1194 416 1252 Item
439 1195 578 1270 quinque
601 1195 704 1270 capita
727 1198 909 1252 sanctarum
925 1193 1080 1252 Undecim
1103 1193 1222 1250 milium
1247 1192 1305 1249 vir·

188 1284 309 1358 girum,
339 1285 373 1341 in
402 1283 517 1358 quibus
550 1284 656 1358 plures
690 1284 892 1341 continentur
925 1283 1063 1358 reliquie.
1109 1281 1191 1340 Item
1220 1282 1305 1339 idem

154 1372 337 1430 rodominus
363 1371 586 1430 Werdenensis
619 1372 653 1429 in
687 1372 820 1430 diversis
853 1372 929 1430 locis
964 1370 1091 1429 Colonie
1125 1371 1306 1446 impetravit
1430 1418 1435 1425 .

189 1461 306 1519 multus
329 1460 476 1536 reliquias
499 1462 539 1519 de
565 1461 695 1536 collegio
719 1465 900 1518 sanctarum
923 1460 969 1517 Xl
991 1461 1113 1518 milium
1136 1459 1305 1534 virginum,

188 1550 270 1608 circa
293 1547 399 1606 LXX⁸
425 1550 587 1624 porciones
610 1553 644 1607 et
665 1553 724 1607 cet.
764 1550 919 1607 Dominus
942 1549 1095 1608 retribuat
1116 1549 1145 1606 ci
1168 1549 1306 1624 graciam

189 1635 297 1696 suaml
334 1639 446 1697 Amen.

93 1747 140 1796 η,
148 1751 180 1793 1⁶.
298 1721 426 1784 *Anno⁸
444 1727 572 1784 Domini
586 1727 752 1785 millesimo
768 1727 1077 1802 quadringentesimo
1092 1729 1305 1803 octuagesimo
1317 1725 1397 1779 1481.

156 1817 290 1892 reprimo
319 1819 409 1874 sexto
437 1815 598 1874 Kalendas
628 1815 704 1874 Maii
732 1817 924 1874 reverendus
952 1816 986 1873 in
1009 1814 1134 1874 Christo
1163 1821 1252 1892 pater
1274 1821 1416 1880 errare.

190 1906 337 1963 dominus
371 1905 519 1963 dominus
556 1904 713 1962 Iohannes
747 1903 934 1979 Syronensis
968 1904 1097 1963 ecclesie
1131 1907 1305 1981 episcopus,

190 1993 443 2052 reverendissimi
473 1994 507 2050 in
537 1991 663 2052 Christo
684 1995 790 2068 'patris
824 1997 857 2052 et
888 1994 1008 2052 domini
1037 1994 1157 2051 domini
1186 1995 1306 2053 Ditheri

190 2083 413 2158 archiepiscopi
437 2081 615 2158 Mogontini
637 2083 671 2139 in
693 2082 924 2158 pontificalibus
953 2083 1088 2140 vicarius
1118 2100 1175 2141 seu
1198 2084 1307 2141 suifra-

191 2188 321 2248 ganeus‚
352 2171 411 2229 sub
441 2175 474 2229 ct
502 2175 648 2247 presente
676 2171 849 2229 reverendo
877 2175 966 2246 patre
993 2173 1121 2230 domino
1144 2170 1307 2231 Gunthero

156 2261 305 2320 coabbate
335 2260 518 2318 monasterii
552 2261 653 2318 sancti
683 2261 768 2318 Petri
802 2259 1010 2319 Erllordensis
1045 2263 1240 2319 consecravit
1273 2262 1305 2318 in

191 2349 380 2407 cimiterium
403 2353 435 2407 et
458 2349 652 2424 sepulturam
676 2353 882 2418 mortuorum,
912 2365 976 2408 non
1006 2350 1206 2408 obstantibus
1228 2351 1306 2425 prio·

191 2439 277 2496 ribus
307 2439 386 2496 actis
415 2438 664 2513 quibuscunque,
687 2438 869 2513 capitolium
898 2441 973 2496 ante
1002 2438 1166 2496 introitum
1188 2439 1306 2514 capelle

192 2531 300 2584 sancte
323 2527 416 2584 Anne
438 2530 471 2584 et
491 2531 596 2584 toturn
619 2527 784 2585 circuitum
814 2527 952 2585 ambitus
981 2544 1053 2584 cum
1078 2528 1210 2602 singulis
1233 2545 1306 2603 qua·

191 2619 263 2673 tuor
291 2615 416 2691 angulis
445 2615 561 2673 ibidem
593 2615 632 2673 de
661 2631 743 2673 novo
773 2616 900 2684 dicavit,
930 2615 1090 2685 adficiens,
1123 2616 1208 2691 quod
1241 2617 1306 2690 qui·

155 2721 315 2779 atcunque
337 2704 436 2762 semel
451 2704 607 2762 ambitum
622 2704 804 2762 huiusmodi
825 2704 978 2762 circuiens
1001 2708 1034 2762 et
1048 2705 1187 2780 quinque
1209 2705 1305 2762 domi-

191 2794 278 2852 nicas
308 2793 465 2851 orationes
495 2797 527 2851 et
555 2796 605 2850 tot
634 2793 792 2868 angelicas
822 2793 1028 2851 salutationes
1058 2794 1125 2850 sive
1147 2793 1305 2868 psalmum
1394 2791 1400 2804 ’

191 2879 238 2940 De
254 2881 415 2955 profundis
436 2899 509 2940 cum
532 2882 688 2940 dominica
711 2883 851 2940 oratione
874 2885 907 2940 et
921 2882 1052 2940 collecta
1067 2881 1212 2942 listellam
1228 2881 1307 2940 Deae

192 2970 304 3028 devote
326 2986 383 3046 pro
405 2971 522 3029 ibidem
546 2970 678 3045 sepultis
707 2974 739 3028 et
761 2970 949 3046 sepeliendis
973 2970 1086 3028 dixerit
1108 2975 1164 3029 aut
1185 2971 1305 3047 legerit,

191 3060 400 3136 quadraginta
423 3059 490 3117 dies
514 3059 553 3117 dc
577 3060 800 3135 omnipotentis
823 3059 881 3117 Dei
904 3059 1118 3118 misericordia
1147 3064 1179 3118 et
1201 3061 1305 3118 beato-

155 3166 261 3208 sorum
284 3148 498 3224 apostolorum
520 3147 605 3206 Petri
632 3151 665 3206 et
687 3147 786 3218 Pauli,
810 3149 993 3206 monasterii
1022 3149 1135 3224 prefati
1163 3155 1306 3225 patrono·

72 3291 78 3308 ,
191 3255 272 3307 rum,
285 3237 421 3295 conlisus
437 3237 624 3295 auctoritate
640 3237 881 3295 misericorditer
895 3225 1084 3308 concessith,
1102 3239 1141 3296 de
1156 3239 1306 3296 iniunctis

190 3325 373 3400 penitentiis
402 3325 444 3383 ad
473 3326 655 3401 petitionem
688 3325 808 3383 domini
837 3324 992 3384 Guntheri
1021 3326 1144 3384 abbatis
1174 3327 1305 3402 predicti

190 3415 317 3489 largiter
339 3415 500 3473 relaxavit.
535 3415 573 3472 In
596 3415 686 3472 cuius
709 3414 803 3472 robur
825 3419 858 3472 et
879 3419 1067 3490 perpetuum
1089 3415 1307 3474 testimouium

190 3503 275 3562 idem
298 3503 488 3561 reverendus
512 3507 601 3579 pater
623 3505 771 3562 dominus
794 3503 951 3562 Iohannes
980 3504 1145 3580 episcopus
1169 3504 1306 3580 sigillum

155 3609 285 3654 ossuum
309 3592 400 3650 duxit
422 3592 619 3666 presentibus
642 3593 887 3668 appendendum
911 3596 943 3650 et
965 3593 1103 3650 litteram
1124 3593 1305 3652 huiusmodi

190 3681 323 3738 tradidit
345 3681 524 3757 sigillatam.
560 3682 677 3739 Actum
695 3698 790 3750 auno,
815 3681 865 3739 die
888 3685 921 3739 et
943 3681 1011 3740 loco
1034 3682 1089 3739 ubi
1111 3699 1215 3757 supra,
1240 3701 1305 3757 pre·

191 3770 334 3828 sentibus
364 3770 505 3846 pluribus
529 3770 789 3828 conventualibus
820 3774 853 3828 et
875 3771 1033 3828 conversis
1056 3772 1305 3846 congregationis

190 3859 257 3916 sive
279 3861 455 3916 conventus
478 3858 580 3916 sancti
601 3859 686 3916 Petri
708 3859 750 3916 ad
773 3859 831 3917 hoc
854 3875 909 3934 per
927 3859 1092 3917 dominum
1106 3859 1305 3918 Guntherum

190 3947 339 4005 abbatem
368 3963 425 4023 pro
451 3947 569 4005 honore
599 3946 693 4005 officii
722 3947 910 4022 pontificalis
933 3948 1053 4006 vocatis
1077 3949 1252 4024 specialiter
1274 3955 1306 4007 et

154 4058 181 4097 ro
191 4037 360 4111 deputatis.
396 4035 516 4094 Eodem
535 4035 585 4093 die
608 4036 693 4094 idom
716 4037 907 4094 reverendus
930 4041 1020 4112 pater
1041 4037 1202 4095 benedixit
1219 4055 1305 4110 yma·

189 4126 296 4200 gincm
318 4125 403 4183 beati
415 4124 594 4200 Woligangi
618 4123 776 4182 dotando⁰
797 4125 977 4200 quindecim
1000 4126 1122 4183 dierum
1144 4126 1306 4202 indulgen·

190 4323 213 4374 a)
225 4327 334 4375 amantia
348 4329 423 4364 octavo
437 4337 503 4365 manu
517 4337 534 4369 s.
549 4325 598 4369 XV.
612 4327 694 4376 κνίμα
707 4330 769 4374 Μὴ·
786 4327 809 4365 ln
823 4339 894 4376 muro.
908 4327 967 4370 rubr.
980 4339 998 4370 o.
1012 4328 1070 4367 XVI
1075 4342 1083 4368 :
1102 4328 1246 4370 consecracio
1260 4340 1306 4368 am-

190 4379 257 4419 bitus.
312 4378 336 4430 b)
349 4379 380 4418 sle
392 4383 496 4419 ammeta
509 4380 562 4419 boec
575 4381 707 4430 mismo·
720 4383 842 4422 conanae
856 4385 893 4424 cet.
946 4381 967 4433 c)
981 4379 1049 4424 dotari
1063 4393 1081 4426 ο,
