3248 4856
358 365 410 420 678
569 359 762 416 ΟΒΟΝῙΟΔΕ
780 358 944 416 MINORIS
962 355 1225 415 CONTINUA'I'IO
1244 356 1267 414 Ι.

272 561 349 616 1268.
360 546 480 610 audita
501 545 606 610 missa
629 564 764 609 sacrum
787 546 1039 609 sacramentum
1062 543 1227 607 dominici
1248 541 1400 626 corporis
1423 561 1471 605 ao·

361 637 535 719 oeperunt.
583 634 730 718 Insuper
759 634 893 716 agenda
927 635 1141 696 mortuorum
1175 652 1237 716 pro
1270 631 1354 716 ipsis
1389 651 1472 695 oom-

360 723 464 808 pleta,
494 723 588 808 ipse⁸
615 721 795 787 Conradus
822 723 910 787 dixit
940 721 1110 805 spatario:
1142 716 1320 805 ‘Ignosco'‚
1344 719 1472 802 inquid,

361 813 445 890 ‘tibi‚
470 812 561 896 quod
585 832 640 876 me
663 810 811 889 occidis,
843 804 916 875 terh
943 811 1090 894 figuram
1113 809 1223 874 erucis
1246 809 1416 874 dominice
1438 808 1473 871 in

243 901 464 986 (carolongo
485 901 587 966 venia
608 900 775 977 faciens0,
798 900 847 964 sic
875 921 953 964 cum
984 899 1146 984 predictis
1169 898 1344 962 nobilibus
1367 897 1494 963 desolo

360 991 452 1055 latus
468 993 539 1067 est;
565 990 657 1073 qnod
679 988 740 1054 ille
756 992 877 1072 gentes
892 989 1001 1072 mogis
1025 1007 1160 1072 gemere
1179 989 1216 1052 et
1232 987 1348 1052 dolere
1363 987 1474 1052 viden·

360 1083 419 1143 tur
442 1100 544 1163 quam
567 1078 783 1143 Thentonici.
828 1077 920 1142 Item
947 1078 1104 1162 protinus
1128 1077 1294 1160 posthoc
1319 1075 1474 1141 Clemens

227 1189 449 1254 (nosmpapa
472 1167 598 1231 1111211·
621 1167 658 1230 in
682 1166 835 1230 Bitervio
859 1167 1045 1232 defunctus
1068 1169 1131 1231 est.

272 1266 349 1320 1269.
465 1257 567 1321 Anno
591 1255 733 1320 Domini
755 1255 995 1320 M⁰OOLXIX
1026 1255 1064 1319 in
1086 1255 1262 1340 provincia
1286 1253 1382 1338 Syrie
1406 1274 1476 1337 sep·

358 1351 431 1411 tem
460 1346 586 1410 iratres
616 1345 768 1410 Minores
799 1365 820 1408 a
849 1345 1055 1422 Sarracenos,
1087 1342 1250 1408 videlicet
1283 1365 1304 1407 a
1333 1343 1476 1408 soldano
1487 1361 1510 1399 1⁰

360 1434 540 1500 Bubilouie
571 1437 607 1499 et
636 1434 847 1499 satellitibus
877 1434 959 1508 eius,
991 1454 1053 1517 pro
1083 1434 1151 1497 fide
1174 1432 1351 1496 katholico
1373 1431 1477 1497 occisi

359 1527 451 1588 sunt.
497 1522 565 1602 Qui
594 1526 775 1608 postquam
807 1523 999 1588 martirium
1030 1521 1298 1606 compleverunt,
1323 1541 1412 1585 unus
1437 1541 1479 1586 ex

360 1613 409 1677 eis
437 1613 575 1677 nomine
604 1610 786 1676 Onnradus
815 1612 858 1676 de
888 1611 1004 1675 Hsllis
1034 1610 1191 1676 sacerdos
1221 1609 1413 1675 decollatus
1441 1611 1478 1673 in

360 1722 453 1766 mare
482 1722 503 1765 a
532 1696 693 1786 perfidis‘¹
720 1704 772 1766 est
802 1701 985 1785 proiectus,
1010 1704 1046 1765 et
1070 1721 1147 1765 ecce
1171 1700 1240 1764 duo
1264 1699 1357 1764 clara
1379 1699 1478 1762 lumi·

359 1791 464 1868 naria,
496 1790 655 1855 omnibus
682 1790 888 1867 videntibus,
912 1793 985 1854 tam
1009 1787 1215 1853 Christianis
1238 1809 1341 1872 quam
1364 1787 1513 1853 Sarra-n

360 1880 462 1958 cenis,
493 1878 633 1943 stabant
661 1879 700 1942 in
731 1878 895 1943 fluctibus
924 1879 1027 1942 maris
1062 1898 1165 1962 super
1193 1896 1282 1954 eum,
1314 1876 1479 1943 videlicet

359 1988 466 2030 unum
490 1966 658 2031 luminare
682 1987 785 2050 super
801 1971 906 2051 caput
922 1967 995 2032 eius
1019 1971 1054 2033 et
1070 1966 1166 2030 aliud
1189 1966 1359 2031 luminare
1375 1987 1481 2050 super

360 2075 483 2139 corpus
507 2056 591 2133 eius,
615 2056 714 2139 quasi
738 2077 799 2140 per
816 2057 972 2120 triduum
983 2055 1004 2118 ¹.
1038 2055 1318 2121 decendentibus
1341 2075 1479 2140 quoque

359 2144 519 2227 procellis
542 2144 645 2208 maris
672 2145 709 2208 in
731 2145 840 2208 altum
864 2145 1050 2209 luminario
1075 2164 1145 2208 non
1167 2144 1384 2220 videbantur,
1417 2145 1480 2210 sed

358 2233 598 2298 recedentibus
634 2232 792 2317 procellis
830 2234 977 2299 iterum0
1016 2233 1060 2298 ab
1094 2234 1253 2298 omnibus
1287 2234 1324 2296 in
1359 2234 1516 2298 littorero
1598 2311 1599 2322 χ

360 2322 586 2387 existentibus
608 2323 826 2387 videbantur.
869 2322 945 2402 Quo
969 2323 1135 2388 miraculo
1158 2323 1273 2387 territi
1296 2323 1481 2388 Sarraceni

360 2431 477 2476 omnes
507 2411 687 2495 fugierunt
717 2412 760 2476 ab
784 2411 846 2476 illo
869 2411 955 2490 loco,
980 2413 1150 2478 dicentes:
1185 2412 1290 2477 ‘Deus
1315 2412 1481 2477 Christia-

358 2521 483 2564 norum
505 2504 639 2584 pugnat
662 2521 724 2585 pro
747 2502 831 2586 ipsis
854 2500 1081 2565 Christianis.

465 2589 557 2654 Item
573 2589 736 2654 soldanus
752 2590 942 2668 Babilonie
965 2591 1097 2655 scilicet
1114 2589 1248 2654 Pharao
1263 2611 1322 2655 rex
1338 2589 1480 2674 egypti,

273 2701 350 2756 1203,
359 2679 503 2742 nacione
533 2677 673 2756 'lirroua
709 2679 847 2744 nomine
878 2679 1102 2757 Melchasar²,
1138 2680 1333 2744 sevissimus
1367 2679 1518 2744 hostisne

231 2791 300 2839 (rer.
310 2790 352 2839 ιε).
361 2769 478 2831 sancte
501 2767 677 2832 katholico
701 2768 853 2845 ecclesie,
879 2768 1054 2833 civitatem
1071 2768 1293 2832 Antiochiam
1315 2788 1482 2852 magnam

361 2859 396 2919 et
430 2855 629 2938 opulentum
666 2877 706 2921 ao
741 2855 937 2921 Christiano
972 2857 1100 2941 populo
1129 2858 1267 2942 plenam
1298 2857 1390 2923 bello
1427 2879 1483 2922 ex·

361 2944 528 3027 pugnavit
551 2948 587 3008 et
610 2945 712 3029 cepit,
737 2945 888 3029 spolians
904 2966 978 3010 eam
1002 2947 1192 3011 innumeris
1210 2946 1341 3031 opibus,
1367 2966 1407 3010 ao
1432 2947 1483 3010 in·

361 3032 482 3097 cendio
504 3033 691 3110 vastavit⁸3
723 3034 851 3099 occidit
881 3054 1015 3119 quoque
1045 3035 1082 3099 in
1112 3057 1152 3100 eu
1176 3035 1380 3119 plusquam
1404 3055 1483 3101 oen·

360 3123 435 3184 tum
465 3121 562 3185 milia
592 3124 627 3186 et
650 3123 752 3186 XXX
775 3123 872 3187 milia
902 3124 1090 3202 hominum,
1120 3127 1156 3190 et
1184 3124 1249 3188 hoo
1272 3124 1420 3188 maxime
1445 3125 1521 3188 ineo

360 3209 477 3274 odium
500 3209 731 3288 Teutonorum,
755 3213 837 3294 quia
858 3213 934 3296 ipsa
957 3213 1145 3278 Antiochia
1168 3213 1324 3279 subiecta
1350 3213 1421 3277 fuit
1446 3215 1484 3278 et

360 3299 546 3363 tributaria
568 3298 731 3364 Tartaris.
778 3300 950 3365 Soldsnus
980 3302 1118 3386 publice
1141 3301 1421 3386 apostatantibus
1447 3305 1485 3368 et

361 3386 538 3453 Christum
560 3388 768 3472 negantibus
791 3389 912 3454 multis
935 3391 1074 3454 milibus
1098 3392 1196 3456 dedit
1218 3393 1336 3455 vitam.

272 3483 348 3538 laos.
468 3476 669 3561 Solempnes
698 3479 836 3543 nuncoii
867 3479 1001 3543 soldani
1031 3473 1207 3565 predictos
1234 3480 1417 3545 Babilonie
1447 3484 1485 3547 et

361 3564 552 3649 solempnes
582 3566 720 3632 nunccii
750 3567 840 3652 regis
864 3567 1085 3633 Tartarorum
1115 3569 1210 3633 missi
1240 3570 1285 3634 ad
1308 3569 1484 3655 principes
1496 3593 1522 3632 a

362 3652 576 3719 Christianos
610 3660 646 3720 et
681 3657 827 3722 maxime
863 3658 907 3721 ad
942 3657 1143 3722 Ludwicum
1177 3677 1293 3742 regem
1325 3658 1484 3736 lhanoie

358 3881 380 3928 a)
394 3890 433 3920 rex
447 3881 499 3920 aad.
514 3881 541 3921 P.
596 3881 619 3930 b)
633 3882 762 3938 torques.
810 3881 831 3932 o)
845 3883 875 3921 elo
889 3883 913 3934 Ρ,
927 3883 1126 3932 utlpraoeoomsa
1140 3884 1205 3923 verto
1219 3887 1384 3932 mmmmr
1398 3885 1486 3926 ledon·

359 3937 403 3972 tem
416 3945 433 3975 c.
487 3931 510 3984 d)
521 3931 592 3988 podo
607 3946 625 3977 c.
679 3935 751 3986 e)vm
764 3938 859 3984 (rernm)
872 3947 890 3979 o.
944 3934 1071 3989 opredlcll
1086 3934 1143 3978 sold.
1158 3937 1213 3980 Bab.
1227 3938 1252 3979 P.

359 4130 385 4195 1)
401 4129 458 4183 Hoc
474 4135 575 4182 narrat
601 4129 632 4183 de
660 4146 747 4198 supra
770 4148 800 4198 p.
820 4133 880 4187 673.
906 4133 984 4186 otoo
1008 4133 1147 4198 fratribus
1164 4134 1318 4187 Minoribus
1340 4133 1434 4186 Iacobo
1461 4140 1486 4186 et

358 4198 471 4252 loonio
489 4200 620 4254 Marinus
638 4201 761 4255 Sannaus
778 4203 795 4257 l.
809 4204 827 4258 1.
889 4205 917 4271 2)
935 4204 991 4257 Hoc
1009 4220 1103 4258 nomm
1121 4210 1210 4258 ortum
1230 4221 1263 4257 er
1277 4205 1358 4272 plmo
1376 4205 1525 4260 nominem

356 4269 640 4404 {pulpigmssnlll-Mab'k
666 4273 819 4326 od-Dober
836 4274 945 4330 Biturs.
1042 4278 1069 4342 3)
1098 4276 1158 4328 Iam
1185 4292 1212 4335 o.
1233 4278 1309 4332 1268.
1338 4274 1487 4329 Antiocho
