3246 4866
216 1135 293 1190 1469.

201 1205 251 1247 run.
261 1205 293 1248 22.

216 2050 292 2133 1470.

207 2242 252 2284 Iul.
261 2242 292 2284 rb.

215 3572 291 3626 1316.

301 355 354 408 428
461 349 653 406 ORONIOAE
670 349 697 406 S.
708 348 825 404 PETRI
836 348 997 406 ERFORD.
1015 348 1214 404 APPENDlX
1223 347 1275 404 VI.

302 541 439 609 Martini,
459 539 588 609 Nicolai,
607 538 752 598 Servacii.
783 540 830 596 ΒΘ
854 543 976 614 septem
994 539 1147 614 episcopis
1163 538 1417 608 Treverensibus,

302 629 437 686 Modesti
466 629 612 704 episcopi,
644 628 815 697 Benedicti,
848 627 960 702 Egidii,
990 626 1081 697 Galli,
1110 628 1229 686 Zozimi
1258 625 1417 696 abbatis⁸,

303 718 400 776 Marie
412 717 608 793 Magdalene,
621 717 767 786 Barbare,
780 717 987 792 Margarethe,
1001 715 1122 786 Oecilie,
1136 715 1281 785 Oristine,
1294 715 1418 774 Fevelle

303 806 431 882 virginis
455 811 488 864 et
510 807 626 882 regine,
650 805 787 880 Hylarie,
811 805 982 864 Felicitatis
1005 805 1152 863 martiris.
1191 803 1331 876 Quorum
1355 821 1418 862 me·

302 895 381 964 ritis,
405 895 520 953 auxilio
549 899 582 952 Θ1
611 895 834 952 intercessione
863 895 948 969 ipsas
979 895 1117 952 sacratas
1140 897 1328 952 venerantes
1351 894 1441 951 reli-s

302 984 392 1060 quiae
420 984 472 1041 hic
503 984 639 1058 presenti
668 983 830 1060 gaudeant
858 983 998 1041 subsidio
1028 987 1061 1041 Θ1
1082 984 1115 1040 in
1137 981 1245 1041 futuro
1268 999 1418 1040 annume-

302 1074 363 1131 rari
386 1075 537 1148 perpetuo
560 1073 669 1130 celesti
690 1089 727 1130 ac
748 1070 832 1130 felici
855 1075 1035 1130 mereantur
1057 1073 1226 1130 consorcio.
1260 1073 1372 1130 Amen.

408 1148 510 1219 Itemb
538 1162 649 1219 eodem
673 1161 723 1218 die
745 1161 912 1218 benedicta
933 1161 996 1218 init
1017 1177 1132 1237 ymago
1155 1161 1319 1218 salvatoris
1343 1162 1418 1218 ante

302 1251 454 1325 capellam
478 1251 580 1308 sancti
603 1249 753 1308 Iohannis
776 1250 923 1325 baptiste.
969 1249 1007 1306 In
1030 1266 1092 1325 qua
1119 1249 1247 1325 quidem
1269 1249 1418 1324 ymagine

302 1339 359 1397 hee
382 1338 511 1415 reliquie
533 1339 692 1397 recondite
716 1342 807 1396 sunt:
838 1339 886 1396 De
915 1338 1058 1413 sepulcro
1080 1338 1217 1397 Domini.
1263 1339 1310 1395 De
1332 1338 1454 1413 lignoro

302 1428 438 1498 Domini,
471 1428 568 1486 Marci
601 1427 804 1502 evangeliste,
839 1427 1000 1485 Adelberti
1033 1428 1170 1502 episcopi
1204 1431 1237 1485 et
1270 1427 1417 1496 martiris,

303 1516 464 1576 Oristoiori
479 1517 625 1574 martiris.
664 1517 711 1574 De
732 1515 855 1591 legione
869 1515 1077 1585 Thebeomm,
1101 1515 1236 1592 Crispini
1258 1519 1291 1573 et
1306 1515 1417 1590 Crispi-

303 1607 400 1676 niani,
421 1605 541 1664 ciriaci.
576 1605 624 1662 De
647 1605 746 1680 digito
769 1605 871 1662 sancti
885 1604 1049 1662 Laurencii
1071 1605 1218 1673 martiris,
1242 1604 1321 1662 iusti
1338 1621 1417 1662 mar·

302 1695 381 1764 tiris,
405 1695 541 1752 Modesti
563 1694 710 1751 martiris.
756 1693 804 1750 De
834 1697 955 1768 septem
985 1694 1139 1769 episcopis
1161 1693 1416 1762 Treverensibus,

302 1783 440 1852 Martini,
463 1783 644 1858 Augustini.
679 1783 726 1840 De
749 1785 837 1840 costa
859 1783 961 1840 sancti
979 1783 1131 1857 Wigberti
1154 1783 1306 1858 episcopi;
1330 1781 1453 1840 Astrers

302 1872 448 1940 martiris,
484 1870 606 1940 cecilie,
641 1870 849 1946 Margarethe,
883 1871 1029 1940 Barbare,
1059 1871 1258 1940 Potenciane,
1292 1870 1417 1946 Pelagie

302 1959 495 2036 virginumi,
518 1960 688 2018 Felicitatis
711 1960 857 2018 martiris.

409 2038 536 2108 *Itemd
556 2043 714 2126 sequenti
728 2063 828 2116 anno,
853 2042 986 2107 scilicet
1004 2047 1088 2106 1470
1099 2042 1120 2120 ¹,
1142 2040 1186 2107 ab
1202 2042 1323 2107 eodem
1338 2062 1489 2125 quo-ce.

302 2152 369 2215 que
392 2132 552 2216 episcopo
575 2135 811 2196 consecratum
834 2131 904 2195 fuit
928 2131 1037 2196 altare
1061 2151 1139 2196 oum
1156 2130 1290 2215 capella
1310 2131 1349 2194 in
1368 2130 1417 2194 in-

302 2221 491 2284 firmitorio.
539 2218 644 2284 Cuius
683 2220 858 2285 dedicacio
897 2220 1092 2285 celebratur
1129 2219 1301 2284 dominica
1335 2222 1453 2283 antero

301 2308 430 2373 Allexii
461 2309 674 2374 confessoris.
722 2313 791 2386 Que
822 2318 899 2373 tunc
932 2315 1051 2390 capella
1085 2319 1267 2372 consecrata
1303 2319 1353 2373 est
1383 2315 1417 2372 in

301 2404 419 2462 honore
442 2405 543 2462 sancti
557 2403 721 2462 Benedicti
743 2403 877 2473 abbatis,
901 2403 1039 2480 Gregorii
1056 2421 1146 2479 pape,
1166 2403 1279 2461 Allexii
1298 2403 1417 2461 contes-

301 2495 390 2563 soris,
420 2491 541 2551 Servuli
575 2493 772 2562 contessoris,
802 2492 964 2551 Elisabeth
998 2493 1092 2550 vidue
1127 2495 1159 2550 et
1193 2497 1301 2550 sancte
1330 2491 1417 2549 ΑΒΘ

301 2582 447 2640 martiris.
494 2581 532 2638 In
555 2599 617 2657 quo
640 2582 768 2656 quidem
791 2582 882 2639 altari
904 2582 1080 2656 subscripta
1103 2584 1285 2639 sanctorum
1312 2597 1417 2639 recon-

302 2671 367 2728 dite
397 2687 484 2728 sacre
513 2667 608 2728 snnt⁰
636 2671 780 2745 reliquie:
812 2670 931 2738 Mathia
961 2664 1106 2745 apostoli.
1148 2671 1195 2728 ΒΘ
1218 2670 1416 2744 vestimentis
1426 2687 1453 2728 ss

302 2759 403 2817 sancti
418 2759 502 2817 Petri
517 2759 660 2834 apostoli.
693 2759 739 2816 De
755 2775 845 2816 cruce
869 2759 971 2816 sancti
985 2759 1111 2816 Andree
1126 2760 1269 2834 apostoli.
1301 2759 1416 2817 Decem

301 2848 424 2905 milium
453 2849 627 2917 martirum,
659 2846 804 2922 Gangolii
834 2849 981 2918 martiris,
1012 2847 1137 2923 Georgii
1166 2849 1313 2916 martiris,
1337 2847 1417 2904 lusti

302 2937 450 3005 martiris,
473 2935 583 2994 Oiriaci
598 2937 745 3009 martiris,
769 2936 932 2996 Laurencii
947 2937 1084 2996 martiris
1108 2941 1140 2994 et
1162 2937 1308 3012 episcopi,
1333 2935 1417 2992 Basi-

302 3025 373 3082 lidis
403 3025 550 3095 martiris,
586 3030 767 3084 sanctorum
796 3026 994 3084 Thebeorum
1028 3026 1202 3093 martirum,
1236 3029 1416 3083 sanctorum

302 3115 498 3182 Maurorum,
531 3113 692 3183 Eucherii,
724 3114 857 3171 Materni
887 3118 920 3172 et
947 3113 1063 3172 Valerii
1091 3115 1325 3189 episcoporum,
1360 3112 1454 3171 Deae

302 3189 425 3261 cenniif
444 3203 581 3278 episcopi
603 3207 636 3260 et
658 3202 856 3260 confessoris.
891 3203 938 3259 De
961 3203 1028 3260 oleo
1051 3203 1143 3260 beate
1165 3201 1338 3260 Katherine
1359 3202 1418 3258 vir·

301 3293 383 3367 ginis
406 3295 439 3349 et
454 3292 600 3361 martiris,
624 3291 832 3367 Margarethe,
857 3289 979 3360 Ceoilie,
1002 3291 1157 3350 Undecim
1181 3291 1304 3348 milium
1327 3291 1417 3366 virgi·

302 3399 390 3450 num,
418 3379 582 3438 Gertrudis
612 3380 751 3456 virginis.
793 3381 839 3439 De
868 3381 973 3456 lapide
1002 3397 1114 3455 specus
1137 3380 1221 3437 beati
1244 3379 1407 3437 Benedicti

302 3470 401 3546 patris
424 3470 532 3527 nostri.
579 3470 626 3526 ΒΘ
650 3470 749 3544 spinis
772 3470 826 3527 ubi
849 3469 1051 3527 volutabatur
1073 3486 1185 3544 corpus
1209 3469 1286 3526 eins.

409 3553 534 3616 Annos
548 3551 689 3617 Domini
708 3550 964 3616 M⁰OOO⁰XVI⁰
986 3555 1224 3616 consecratum
1240 3555 1292 3616 est
1307 3551 1418 3614 altare
1428 3574 1455 3614 aa

301 3643 338 3705 in
361 3641 501 3706 sinistre
523 3643 621 3725 parte
644 3640 787 3706 ecclesie
810 3644 931 3706 contra
954 3643 1059 3725 caput
1081 3639 1231 3724 sepulcri
1253 3641 1418 3705 comitum

302 3731 345 3796 de
376 3729 517 3795 Gliohin
551 3730 588 3793 in
621 3731 751 3795 honore
786 3733 981 3794 sanctorum
1013 3728 1247 3812 apostolorum
1277 3729 1417 3804 Thome,

303 3818 459 3904 Symonis
482 3821 518 3884 et
542 3819 629 3884 Iude
652 3820 831 3902 sanctique
854 3817 1005 3882 Osweldi
1034 3818 1125 3902 regis
1149 3817 1264 3882 indie
1288 3819 1418 3881 sancto·

301 4008 433 4061 a)abbt1'e.
474 4008 498 4054 bl
512 4011 572 4052 rubr.
581 4021 648 4048 uranu
661 4021 679 4050 a.
688 4009 751 4052 XVI.
766 4010 891 4059 decipio:
900 4009 984 4058 Ymsgo
997 4013 1050 4048 ante
1059 4007 1158 4048 chorum.
1198 4007 1219 4059 c)
1233 3990 1247 4046 ι’*
1261 4019 1279 4050 c.
1323 4007 1345 4057 d)
1359 4007 1421 4049 rubr.

302 4075 369 4102 mana
382 4075 399 4107 e.
410 4063 472 4106 XVI.
484 4063 608 4112 adempte:
625 4063 660 4102 Ad
674 4067 774 4103 ranetam
789 4063 875 4102 Alliam
889 4063 912 4102 ln
926 4061 1073 4104 infirmitorio.
1127 4063 1149 4109 e)
1162 4061 1195 4101 bia
1208 4072 1257 4111 ser„
1272 4061 1364 4100 nucum
1379 4061 1420 4103 dol.
1429 4063 1458 4105 40

302 4118 319 4165 o
331 4118 363 4156 eir
376 4128 392 4160 c.
445 4116 469 4168 g)
483 4117 544 4158 rubr.
557 4127 624 4156 manu
637 4127 655 4160 a.
665 4117 728 4159 XVI.
742 4117 866 4165 adscripta.-
880 4115 916 4155 Ad
928 4121 1030 4156 sanctum
1039 4115 1154 4159 Theium.

304 4258 330 4325 1)
346 4257 404 4384 ἔδοτε
421 4273 493 4311 anno
510 4258 580 4310 banc
597 4259 726 4326 capellam
744 4263 919 4311 constrictam
937 4274 990 4311 caea
1013 4259 1078 4309 dicit
1102 4259 1182 4310 etiam
1200 4257 1261 4312 Nic.
1278 4256 1311 4309 ds
1328 4255 1419 4322 δίψη

298 4347 328 4398 p.
402 4371 408 4384 .
