3248 4856
422 435 615 492 enomere
633 435 797 492 timolus
816 435 1013 493 APPDNDIX
1030 437 1070 495 11.
1259 444 1312 498 709

433 628 487 686 De
510 627 847 702 processionibus
870 627 1066 704 Gregorii.

297 718 391 775 Anno
423 717 551 775 Domini
583 714 694 774 DXOI.
730 721 881 792 ceperunt
914 719 1129 792 processiones
1164 717 1261 776 Rome
1291 735 1311 776 a

192 807 283 865 beato
307 805 456 881 Gregorio
478 822 561 881 papa
587 807 697 863 contra
727 810 849 881 pestem
872 806 1100 882 inguinariam,
1124 810 1157 864 et
1179 806 1218 863 ab
1242 807 1311 882 ipso

191 895 335 953 divinum
358 894 508 964 officium,
532 897 600 952 tam
622 893 772 951 diurnum
795 911 890 971 quam
905 899 1107 964 nocturnum,
1131 896 1164 952 in
1179 895 1310 953 ecclesia

168 978 386 1043 sordinarm1.

630 1071 866 1130 Bernhardi

296 1163 389 1220 Anno
412 1161 539 1220 Domini
561 1153 753 1220 M⁰XOVIH.
783 1161 866 1237 cepit
889 1161 964 1220 ordo
987 1159 1264 1220 cisterciensium*
1290 1178 1310 1218 a

190 1251 283 1309 beato
305 1250 535 1308 Bernhardo
558 1249 672 1308 abbate
695 1250 728 1306 in
750 1245 966 1326 Burgundia².

154 1523 180 1561 ιο
296 1501 389 1558 Anno
429 1498 557 1557 Domini
603 1409 1011 1558 wlgffizelrtliiorbertns
1057 1499 1308 1574 archiepiscopus

189 1588 470 1665 Megdeburgensis
494 1588 607 1647 claruit
615 1581 637 1658 ³,
661 1605 681 1646 a
703 1604 765 1664 quo
787 1588 966 1646 Norbertini
989 1588 1140 1646 canonici.

583 1765 912 1840 Templariorum.

295 1856 389 1914 Anno
412 1855 539 1913 Domini
562 1847 783 1912 M⁰OXXVHL
808 1853 894 1912 Ordo
912 1854 1161 1931 Templariorum
1184 1871 1204 1912 a
1225 1871 1308 1929 papa

189 1943 326 2002 Honorio
350 1944 490 2002 secundo
512 1937 746 2002 confirmatur⁴⁴

154 2125 180 2164 rs
544 2103 931 2162 Theuthonicorum.

296 2193 389 2251 Anno
418 2193 545 2251 Domini
574 2185 684 2250 M⁰cc.
719 2193 803 2268 oepit
837 2192 912 2251 ordo
945 2192 1058 2252 domus
1091 2191 1307 2250 Theuthonioe

188 2282 229 2341 ab
263 2282 450 2356 imperatore
479 2281 626 2340 Heinrico
660 2282 770 2358 quinto
805 2285 838 2340 et
871 2281 1058 2340 Innocencio
1092 2297 1174 2356 papa
1209 2273 1245 2337 3⁰
1274 2281 1308 2336 in

189 2363 330 2429 Atheni

644 2459 851 2517 Minorum.

156 2569 182 2609 ao
296 2549 390 2607 Anno
413 2548 539 2606 Domini
562 2541 716 2605 M⁰COVL
740 2549 825 2623 cepit
846 2547 912 2604 vita
935 2547 1037 2604 sancti
1059 2537 1246 2602 Francisci⁶.

588 2707 907 2765 Predicatorum.

297 2798 389 2854 Anno
404 2797 531 2854 Domini
547 2789 732 2854 M⁰OCXVL
756 2795 959 2853 confirmatur
982 2793 1057 2853 ordo
1072 2793 1308 2851 Predicatorum

192 2902 211 2942 a
233 2901 314 2961 papa
336 2884 524 2944 Innocenoio
549 2879 584 2943 3⁰
594 2879 615 2944 ⁷.

524 3046 578 3102 De
601 3045 741 3120 regula
766 3044 972 3102 Minorum.

155 3155 182 3196 as
296 3137 391 3194 Anno
413 3135 540 3193 Domini
563 3127 780 3192 M⁰OCXXHL
804 3150 823 3190 a
846 3149 928 3207 papa
942 3131 1082 3190 Honorio
1101 3124 1137 3189 3⁰
1159 3131 1253 3188 detur
1276 3134 1308 3187 et

191 3225 376 3300 registratur
398 3223 506 3299 regula
528 3222 663 3280 fratrum
686 3215 874 3280 Minorum⁸.

723 3519 773 3583 II.

449 3607 512 3672 DE
536 3607 795 3672 ORDINIBUS
819 3605 1052 3672 sconsum.

299 3701 433 3761 Ordines
456 3703 595 3772 ecclesie,
619 3703 733 3779 quibus
756 3702 949 3778 temporibus
973 3702 1038 3760 sint
1060 3701 1174 3760 exorti:

155 3805 183 3846 sc
300 3790 386 3850 Ordo
408 3791 621 3867 apostolorum
644 3793 728 3867 cepit
750 3792 832 3849 circa
854 3808 974 3849 annum
997 3791 1124 3847 Domini
1148 3790 1200 3848 40.

192 3979 212 4026 a)
225 3979 257 4017 ric
270 3987 288 4017 c.

194 4141 220 4205 1)
241 4137 282 4203 Cf.
301 4152 387 4204 supra
403 4138 544 4205 possen.
617 4139 644 4205 2)
664 4137 705 4203 Os.
724 4153 811 4205 supro
826 4155 854 4206 p.
868 4138 929 4202 635,
948 4136 1027 4201 infra
1043 4153 1071 4204 p.
1085 4137 1147 4192 711.
1219 4137 1247 4201 3)
1266 4135 1310 4188 Ao

193 4224 220 4263 c.
240 4210 318 4264 1126.
343 4207 406 4260 baec
430 4209 460 4260 ia
486 4207 566 4261 Ormi.
585 4209 699 4273 Minore,
723 4224 809 4275 capra
831 4225 861 4276 p.
880 4209 941 4272 687,
965 4223 1025 4260 nam
1050 4206 1199 4272 lactatus,
1224 4221 1309 4274 capno

191 4281 337 4348 p.151‚ei
356 4277 437 4331 Liber
448 4279 649 4345 confflem.
667 4281 704 4332 ad
721 4281 840 4336 c.1121.
859 4279 921 4332 baec
938 4278 1061 4334 babeant.
1127 4280 1155 4345 4)
1169 4277 1212 4342 Of.
1225 4293 1310 4344 aspro

157 4363 220 4417 top.
240 4352 301 4406 637.
374 4349 402 4420 5)
423 4349 465 4414 (If.
483 4365 570 4418 cupra
586 4353 687 4418 pbk
761 4353 789 4421 6)
817 4351 860 4415 Cf.
885 4365 971 4419 eum
992 4367 1021 4418 p.
1042 4351 1143 4418 ussat.
1216 4351 1245 4422 7)
1268 4349 1311 4412 cf.

194 4437 281 4490 supra
295 4438 326 4490 Ρ.
339 4422 399 4478 ⁶49·
471 4421 500 4491 8)
520 4421 563 4487 Of·
582 4439 667 4491 apra
681 4439 711 4490 1>-
724 4425 786 4489 6⁵1,
805 4439 833 4479 2·-
845 4422 870 4476 *-
