3222 4850
307 373 362 428 204
450 367 617 424 0110ch
628 367 656 424 S.
667 366 783 423 PETRI
795 367 1056 426 RRFORDENSIS
1068 369 1158 426 MOD.
1176 371 1212 426 A.
1224 373 1301 428 1274,

223 554 451 616 1274.tit'erum
466 570 635 616 venenum
658 551 878 635 propinatum
895 555 956 629 est,
982 553 1024 617 de
1048 574 1115 635 quo
1138 557 1210 617 tam
1232 553 1305 638 ipse
1321 574 1424 636 quam

308 641 378 718 alii,
409 641 468 723 qui
497 659 612 705 seeum
644 639 884 724 epulabantur,
916 643 1167 707 commedentes
1197 641 1428 706 communiter

307 729 522 806 intoxicati⁸,
547 729 667 793 eodem
683 729 738 793 die
754 729 881 792 mortui
904 750 1021 794 omnes
1044 731 1155 795 earnis
1179 731 1333 796 debitum
1353 751 1426 814 per·

207 828 237 878 r.
247 819 493 883 resolverunt.
534 816 633 896 Quod
657 817 799 881 audieus
823 839 912 901 papa
936 817 1122 902 Gregorius
1146 813 1332 884 ’decimusb
1349 820 1427 883 mis-

308 927 361 972 sas
385 908 446 972 de⁰
475 906 649 971 defunctis
672 926 734 990 pro
749 906 928 970 animabus
951 927 1070 971 eorum
1085 908 1248 992 Lugduni
1268 908 1451 972 solemni-s

306 989 380 1060 terh
408 995 605 1060 celebravit.

414 1078 564 1148 tiodem‘1
592 1105 682 1148 anno
706 1082 891 1166 Gregorius
914 1105 1005 1167 papa
1028 1085 1180 1149 desimus
1203 1085 1340 1168 scripsit
1358 1085 1426 1148 Ru-

309 1172 437 1257 dolpho
459 1173 533 1256 regi
556 1171 702 1237 salutem
733 1176 768 1235 et
791 1172 942 1237 eeteral:
976 1171 1065 1236 star
1087 1171 1205 1253 petisti,
1229 1172 1426 1254 prepositum

311 1257 487 1342 0[tt0nem]
503 1259 615 1325 Sancti
634 1259 810 1340 Gmidonis,
834 1259 1061 1324 cancellarium
1076 1267 1163 1324 tunm
1181 1267 1211 1324 et
1224 1261 1423 1340 annonam‘,

308 1369 413 1413 eoram
435 1347 595 1428 fratribus
616 1348 735 1414 nostris
749 1347 938 1413 audirimus.
978 1348 1149 1430 Proposuit
1169 1347 1253 1414 enim
1275 1369 1314 1414 en
1331 1357 1464 1431 partera

309 1443 364 1502 tua
394 1457 499 1502 eoram
529 1437 627 1516 nobis,
658 1438 741 1518 qnod
762 1439 806 1502 ad
827 1435 892 1501 Dei
914 1437 1063 1502 honorem
1085 1444 1114 1501 et
1135 1437 1259 1502 erotesis
1281 1437 1426 1503 Romane

308 1525 380 1590 totis
413 1524 575 1590 conatibus
608 1525 748 1590 intendis
781 1525 925 1591 ecelesias
958 1531 987 1590 et
1016 1526 1241 1592 secusiustioas
1270 1547 1426 1608 personas

309 1614 429 1679 amoris
451 1613 691 1679 continuatione
713 1614 827 1696 fovere,
858 1614 937 1695 ipsis
963 1613 999 1679 in
1021 1613 1089 1678 suis
1110 1614 1353 1680 inmunitatibus
1376 1637 1424 1680 as

308 1701 426 1782 sistere,
450 1702 581 1766 illarum
595 1701 738 1768 iniurius
750 1703 949 1784 propulsare,
973 1702 1049 1767 iura
1065 1723 1128 1784 pro
1143 1702 1264 1768 viribus
1279 1725 1424 1784 aupnren-

308 1797 385 1869 tore,
416 1791 460 1854 ad
488 1789 696 1855 universatem
726 1785 832 1855 ortisf
851 1812 964 1872 pacern
994 1791 1140 1856 laborare
1162 1792 1265 1856 studio
1287 1793 1463 1874 sffieam‚1s

313 1879 409 1943 Terre
432 1879 547 1944 Sancte
570 1885 681 1960 portes
703 1879 834 1944 uisitare
857 1886 885 1944 et
914 1880 951 1960 ei,
975 1886 1010 1945 nt
1032 1879 1100 1944 eius
1120 1881 1225 1961 possit
1246 1881 1423 1962 necessitas,

308 1967 481 2031 subvenire.
521 1968 657 2049 Ideoque
679 1967 954 2050 magnificenciam
977 1975 1064 2033 tuam
1085 1989 1253 2050 monemus,
1277 1990 1426 2052 roqamns

309 2062 337 2120 et
364 2055 528 2120 hortamur
555 2056 593 2121 in
615 2056 763 2138 Dmnin0,
793 2063 836 2138 nt,
864 2077 923 2138 que
952 2057 1046 2139 offers
1075 2057 1111 2122 in
1139 2058 1304 2122 uerborum
1325 2059 1425 2123 dutre-

308 2143 391 2224 dine,
414 2143 451 2208 in
477 2144 581 2226 operis
607 2145 803 2227 pratitudine
827 2145 1042 2227 prosequaris,
1066 2146 1136 2210 Deo
1156 2153 1284 2228 prabrm
1307 2153 1334 2210 te
1357 2148 1425 2211 red·

308 2234 368 2298 das
396 2239 425 2298 et
453 2233 483 2298 ei
510 2233 641 2316 prasius
670 2256 750 2316 opas
778 2256 817 2299 aa
845 2234 1002 2299 instanter
1031 2236 1069 2298 de
1097 2234 1149 2298 bis
1177 2255 1236 2316 qus
1258 2235 1463 2316 concepistiro

308 2322 413 2386 devoto
444 2321 552 2386 animo
577 2323 743 2405 persistas,
776 2330 812 2388 nt
842 2323 887 2388 sio
918 2322 1008 2387 Deus
1038 2322 1161 2404 diriqat
1189 2344 1316 2405 pressus
1344 2331 1423 2388 tuos.

307 2409 430 2475 Datum
452 2411 614 2494 Lugduni.

414 2500 491 2565 Hoo
521 2521 611 2566 anno
640 2499 825 2586 Gregorius
855 2523 945 2584 papa
967 2501 1011 2564 X.
1040 2502 1210 2565 indictum
1241 2501 1425 2566 ooneilium

193 2581 469 2684 ,ffljjgenersle
499 2591 591 2674 cepit
621 2590 793 2655 celebrare
823 2590 985 2672 Lugduni
1014 2590 1052 2652 in
1079 2590 1170 2654 festo
1199 2590 1354 2674 Philippi
1389 2595 1425 2655 et

310 2677 437 2756 lasabi,
461 2679 523 2743 ubi
544 2679 581 2741 in
604 2679 750 2743 eoncilia
773 2680 846 2763 ipse
862 2699 952 2762 papa
967 2679 1119 2742 narravit
1134 2679 1304 2742 somnium
1324 2699 1422 2742 suum
1444 2698 1471 2738 rs

309 2766 463 2830 dicensi:
501 2766 657 2846 ‘Quando
686 2768 845 2852 navigavi
879 2787 981 2852 super
1013 2787 1116 2844 mare,
1152 2771 1210 2831 etss
1241 2767 1424 2832 videbatur

309 2855 424 2930 miehi,
455 2855 546 2938 quod
580 2876 697 2920 omnes
730 2856 930 2921 deberemus
960 2856 1143 2938 submergi,
1174 2857 1234 2920 sed
1267 2855 1425 2920 Christus

309 2943 470 3026 apparuit
493 2944 599 3008 miehi
622 2947 658 3008 et
680 2965 785 3007 manu
808 2964 861 3009 me
885 2938 1166 3029 apprehendensh
1194 2945 1296 3008 dixit:
1323 2943 1424 3009 “Gre-

308 3032 391 3115 gori,
423 3031 513 3108 nolo,
546 3025 655 3115 quod¹
686 3033 923 3116 submergaris,
956 3033 1043 3110 volo,
1077 3033 1168 3115 quod
1198 3033 1301 3110 vivas,
1334 3034 1423 3108 volo,

308 3121 399 3203 quod
424 3120 485 3184 fias
507 3141 606 3204 papa,
632 3123 668 3185 ot
697 3123 788 3203 quod
812 3121 956 3186 ecelesia
979 3142 1039 3205 per
1061 3126 1097 3185 te
1119 3115 1322 3206 reeuperat¹¹
1348 3121 1462 3187 Ter-so

308 3230 380 3272 ram
398 3207 560 3273 Sanctam
583 3212 686 3293 atque
711 3209 860 3275 Greoos'.
895 3210 1097 3292 Hucusque
1121 3209 1206 3274 visio
1230 3231 1327 3294 pape.
1368 3210 1425 3275 Ita

309 3318 434 3362 nomen
451 3319 538 3382 pape
562 3302 598 3362 et
613 3298 766 3362 officium
785 3298 909 3382 papale
932 3298 998 3362 sibi
1020 3299 1089 3362 fuit
1108 3298 1307 3377 revelatum,
1332 3304 1424 3364 aute·

178 3406 408 3470 (periniquum
434 3387 620 3471 eligeretur
642 3387 680 3450 in
698 3408 832 3471 papam.
930 3387 973 3451 In
996 3389 1061 3451 hoe
1081 3387 1227 3451 coneilio
1248 3409 1337 3472 papa
1359 3391 1424 3452 sta·

307 3476 387 3553 tuit,
411 3477 503 3559 quod
521 3497 582 3561 per
597 3475 649 3539 VI
665 3496 772 3540 annos
788 3475 912 3540 debeat
928 3476 1002 3540 dari
1018 3475 1151 3540 decima
1169 3477 1368 3540 reddituum
1389 3480 1425 3541 et

308 3567 537 3648 proventuum
559 3566 596 3628 in
619 3564 810 3630 subsidium
833 3564 935 3630 Terre
955 3564 1080 3629 Sancte
1104 3564 1147 3628 ab
1171 3565 1329 3629 omnibus
1352 3586 1461 3648 pre-ss

306 3776 328 3822 ι)
342 3777 393 3811 suut
407 3773 458 3814 aad.
471 3773 498 3816 Ε.
565 3772 588 3820 b)
602 3784 643 3814 om.
658 3773 684 3816 Ε.
747 3771 767 3823 e)
782 3782 830 3822 pro
844 3771 871 3810 Ε.
886 3773 917 3821 Β,’
938 3783 980 3812 om.
996 3771 1071 3811 Lm.
1132 3769 1155 3820 d)
1169 3773 1327 3822 sequeutia·
1337 3784 1362 3822 p.
1376 3773 1424 3822 rot,

306 3825 467 3875 l.2i)om.E.
526 3826 547 3877 e)
561 3828 591 3865 sis
605 3827 638 3876 B,-
652 3837 694 3868 om.
709 3827 727 3868 1.
780 3825 964 3875 osismus-bis
978 3827 997 3866 1.
1044 3825 1424 3875 3)etc1an,maetuamaum

306 3881 396 3922 rtctetm.
450 3879 722 3930 inapprehensibilem
736 3879 764 3918 R.
819 3879 834 3926 i)
849 3883 873 3918 ut
887 3879 912 3921 B.
966 3877 991 3928 k)
1004 3879 1035 3917 rte
1050 3880 1069 3919 1.
1085 3879 1110 3920 B.

306 4058 333 4122 1)
351 4054 483 4122 Pleraque
507 4054 585 4107 uerba
610 4055 692 4106 buius
717 4055 839 4123 epistotae
860 4057 1015 4108 mnoeniunt
1040 4071 1098 4107 aum
1117 4055 1199 4107 mubo
1217 4055 1335 4121 longiora
1353 4056 1424 4108 edita

305 4142 323 4176 a
341 4126 465 4192 Bt'tmer,
485 4127 552 4177 Aeta
570 4127 634 4192 imp.
653 4125 692 4185 ΙΙ,
716 4143 745 4192 p.
758 4128 811 4181 694
823 4142 871 4193 sq,
889 4142 932 4192 nr.
947 4129 1014 4190 9923
1040 4125 1159 4177 Pnuau
1183 4141 1225 4180 nr.
1244 4127 1341 4181 20857.
1380 4127 1460 4192 ΟΜ)

307 4197 339 4252 G.
358 4213 381 4249 a.
399 4197 426 4248 d.
445 4197 535 4264 Ropp,
555 4195 646 4250 ‘Ereta
671 4196 781 4249 aner
804 4213 827 4250 a.
846 4197 955 4248 Μαίον’
972 4214 999 4262 p.
1019 4199 1053 4250 95
1071 4213 1122 4262 sq,
1148 4213 1175 4248 n.
1194 4200 1220 4261 3,
1246 4197 1278 4248 de
1301 4203 1423 4265 tempore,

304 4281 356 4334 quo
374 4267 436 4319 haec
453 4267 564 4334 epr'stoto
582 4269 683 4334 scripta
701 4269 745 4321 sit.
801 4269 829 4334 2)
846 4268 942 4319 Prema
960 4269 1040 4318 sessio
1058 4267 1186 4318 mistreto
1204 4275 1242 4320 est
1259 4268 1301 4319 dte
1313 4268 1423 4336 Maiii3

304 4335 399 4388 Breuis
416 4342 487 4402 nota,
506 4335 600 4402 Labie,
620 4337 694 4392 Cone.
713 4337 767 4404 XI,
781 4340 805 4405 1,
823 4355 844 4392 a.
858 4339 926 4404 9553
954 4338 1055 4404 Manu,
1075 4337 1150 4392 Cone.
1170 4338 1278 4405 XXIV,
1296 4357 1323 4408 p.
1338 4341 1371 4394 61
1385 4357 1422 4408 sq.
