3240 4858
323 366 489 424 onumen
501 365 529 423 S.
541 364 657 421 PETRI
670 363 933 422 ERFORDENSIS
945 366 1035 425 MOD.
1054 368 1089 424 A.
1101 372 1178 426 1291.
1269 371 1322 424 303

311 552 437 617 Modus
459 555 586 625 autem,
609 549 780 632 quomodo
804 549 984 614 Sarraceni
1007 551 1182 617 civitatem
1206 553 1324 617 Aceon
1335 557 1411 610 1291.

204 644 379 725 ceperunt,
403 641 444 704 ut
468 639 604 714 dicitur,
628 639 694 703 istc
717 639 803 703 fuit:
828 638 1039 704 Habuerunt
1062 641 1152 704 enim
1176 641 1323 705 forsitan

202 731 327 814 viginti
349 728 405 794 vel
421 728 524 792 XXX
539 727 636 791 milia
658 727 876 805 camelorum,
901 747 1066 811 equorum
1089 729 1321 808 etmalorum,

204 820 262 903 qui
291 817 401 882 nichil
431 817 527 882 aliud
556 816 743 894 faciebant,
767 816 835 880 nisi
861 817 954 900 quod
983 817 1099 902 ligna⁸
1127 822 1162 882 et
1185 819 1322 883 arbores

171 927 185 966 s
204 907 400 993 portabant,
425 906 609 989 dequibus
632 905 764 971 fossata
786 905 937 970 civitatis
961 907 1124 972 continue
1147 907 1322 990 repleban-

203 1002 270 1061 tur.
317 995 451 1075 Quibus
473 994 615 1079 repletis
638 994 797 1059 fecerunt
827 994 1089 1060 subterraneum
1112 999 1264 1060 mestum
1287 1000 1322 1061 et

203 1085 423 1150 suffossiones
453 1076 626 1166 adusqueb
657 1104 794 1146 murum
824 1084 974 1148 civitatis
1003 1085 1250 1168 pertingentes,
1279 1086 1322 1150 de

204 1174 327 1258 quibus
350 1173 448 1238 nulla
471 1173 610 1257 penitus
633 1193 654 1236 a
670 1172 862 1236 christanis
878 1173 1026 1257 suspicio
1050 1173 1261 1250 habebatur3
1287 1177 1323 1238 et

203 1264 251 1328 sic
285 1263 342 1326 in⁰
373 1262 493 1346 vigilia
524 1264 643 1326 sancte
677 1260 897 1338 Potensinne,
933 1260 1065 1326 scilicet
1098 1262 1235 1325 xvm.
1266 1263 1429 1328 dientes.

168 1353 329 1417 romensis
352 1351 437 1415 Maii
447 1351 468 1429 1,
492 1370 624 1414 summo
648 1369 748 1414 mane
771 1350 809 1412 in
832 1370 965 1428 aurora,
990 1371 1067 1415 cum
1087 1351 1200 1415 adhue
1217 1352 1321 1416 homi-

203 1461 264 1506 nes
288 1461 349 1524 pro
373 1459 499 1523 magna
521 1442 620 1523 parte
642 1433 852 1503 dormirentd
873 1442 908 1503 et
930 1439 1038 1504 nichil
1062 1440 1225 1524 periculi⁰
1254 1461 1322 1504 sus·

204 1531 411 1615 pinarentur‚
436 1548 515 1594 ecce
545 1527 660 1592 subito
691 1528 821 1591 corruit
850 1527 975 1592 fortior
1005 1532 1041 1593 et
1070 1528 1191 1594 melior
1217 1530 1322 1593 turris

205 1618 355 1684 civitatis
379 1621 415 1683 et
437 1618 536 1681 iuxta
556 1617 667 1702 ipsam
691 1615 807 1699 aliqua
830 1637 908 1700 pars
924 1617 1131 1680 murorum².
1170 1617 1216 1681 Et
1236 1622 1322 1682 tune

205 1707 383 1772 Sarraceni
406 1707 443 1769 in
467 1706 660 1770 continenti
683 1725 761 1768 cum
785 1706 934 1769 maxima
956 1705 1181 1771 multitudine
1205 1726 1322 1791 prepa-

170 1815 195 1856 15
203 1797 271 1860 rati
302 1816 363 1880 per
391 1788 509 1860 illamf
536 1798 733 1878 aperturam
760 1794 936 1859 civitatem
959 1795 1175 1860 intraverunt
1199 1798 1234 1860 et
1258 1799 1322 1860 sta·

204 1885 268 1948 tim
291 1905 406 1949 muros
436 1884 666 1949 ascenderunt
696 1886 732 1947 et
755 1903 818 1947 sua
839 1882 966 1947 vexilla
989 1888 1179 1949 erexerunt.
1227 1883 1322 1948 Chri-

203 1973 308 2038 stiani
329 1974 447 2056 itaque
471 1972 652 2038 audientes
675 1972 861 2036 maximum
880 1971 1063 2038 clamorem
1087 1977 1123 2038 et
1146 1973 1322 2038 civitatem

185 2083 244 2135 „ex
267 2063 440 2146 inproviso
464 2081 536 2126 esse
560 2065 706 2145 captam,
731 2064 831 2125 tanto
861 2061 1008 2126 timoress
1033 2066 1114 2126 sunt
1137 2055 1320 2145 perculsih,

204 2151 295 2236 quod
309 2171 374 2216 nce
390 2143 510 2214 simul¹
529 2154 690 2234 poterant
714 2151 916 2234 congregari
937 2170 1001 2215 neo
1025 2151 1069 2214 ad
1088 2152 1321 2216 defensionem

167 2241 354 2304 ”civitatis
378 2240 508 2323 pariter
531 2233 747 2304 convenirek.
795 2238 862 2303 Sed
892 2240 1124 2322 unusquisque
1155 2241 1247 2325 cepit
1269 2240 1321 2303 fu-

204 2349 283 2414 gere
313 2333 349 2394 et
379 2349 496 2393 curam
526 2328 663 2404 habere,
688 2327 838 2410 qualiter
861 2347 897 2393 se
925 2331 960 2392 et
984 2348 1046 2392 sua
1068 2332 1183 2412 posset
1205 2330 1321 2394 tucius

204 2438 414 2483 conservare.
461 2417 506 2480 Et
537 2417 585 2481 sie
613 2415 791 2480 Sarraceni
821 2416 1038 2501 prevalentes
1067 2422 1321 2502 occupaverunt

205 2507 390 2571 civitatem.
430 2506 483 2572 De
507 2505 631 2588 quibus
653 2505 761 2570 fuisse
784 2505 913 2570 dicitur
935 2505 1083 2569 maxima
1107 2504 1426 2584 *multitud0,*r.ns⁴.

203 2597 255 2660 ita
283 2597 376 2678 quod
406 2595 556 2660 ducenta
585 2593 682 2657 milia
711 2595 876 2677 equitum,
909 2595 1059 2678 exceptis
1085 2595 1271 2678 peditibus,
1301 2616 1322 2658 a

168 2685 374 2768 aplerisque
399 2677 451 2749 et¹
482 2682 653 2748 relacione
676 2683 828 2767 plurium
852 2686 1138 2767 computanturm.

310 2775 412 2837 Anno
429 2772 570 2837 Domini
592 2770 781 2837 MOOXOI.
805 2773 947 2855 quinta¹¹
968 2771 1052 2836 Idus
1076 2772 1178 2850 Iunii,
1202 2772 1407 2857 vigiliarum,

205 2863 463 2945 penthecosten,
494 2861 609 2926 media
639 2860 704 2939 die,
734 2861 848 2925 adhuc
880 2860 1013 2925 cunctis
1043 2861 1081 2924 in
1103 2881 1221 2926 mensa
1243 2863 1320 2926 resi·

205 2951 401 3028 dentibus⁰‚
426 2949 558 3035 capelle
581 2949 743 3015 Omnium
767 2953 963 3014 sanctorum
986 2951 1079 3015 inter
1100 2954 1213 3016 turres
1235 2951 1320 3016 inle-

203 3041 310 3105 riores
338 3060 441 3124 super
462 3039 639 3104 testudine
669 3043 811 3122 repente
840 3039 915 3102 ictu
936 3038 1092 3103 fulminis
1116 3043 1151 3105 et
1174 3040 1321 3104 tonitrui

169 3128 314 3194 soaltare
337 3128 489 3193 medium
512 3127 654 3192 scissum
678 3129 789 3192 estet
813 3127 1028 3192 confractum
1058 3132 1093 3193 et
1122 3129 1244 3193 tabula
1266 3129 1321 3194 de-

205 3237 306 3302 super
330 3217 496 3282 deaurata
517 3216 741 3294 inflammata,
766 3219 801 3281 et
823 3215 956 3301 lapides
984 3215 1166 3281 cristallini
1189 3217 1322 3282 excussi

206 3309 241 3372 et
265 3306 466 3371 comminuti
490 3309 571 3369 sunt
594 3309 630 3370 et
653 3325 715 3388 pro
739 3309 837 3388 parte
859 3306 997 3388 quidam
1021 3306 1220 3382 incinerati;
1246 3327 1325 3389 pur·¹

206 3415 293 3480 pura
316 3395 425 3460 eciam
455 3398 536 3459 ante
560 3393 669 3458 altare
692 3393 789 3477 quasi
820 3397 931 3457 matta
959 3395 1156 3479 perignem
1181 3395 1261 3468 viss,
1286 3400 1321 3459 et

206 3485 322 3549 omnia
344 3484 548 3548 indumenta
571 3482 699 3558 altaris,
725 3482 949 3565 manutergia,
973 3484 1048 3567 ipsa
1075 3483 1182 3548 eciam
1207 3503 1322 3567 eorpo-

169 3572 293 3637 ssralia
321 3572 514 3649 molestato,
539 3576 575 3636 et
605 3572 674 3636 duo
702 3573 830 3656 gradus
860 3575 940 3636 ante
971 3571 1080 3636 altare
1108 3573 1263 3638 concussi
1287 3576 1322 3638 et

207 3762 497 3814 a)llngoa‚ecdemmmm
510 3762 645 3811 amormli
705 3765 724 3804 1.
777 3759 1223 3811 manansqueedancrrur.
1264 3763 1323 3812 e)lu

207 3837 233 3846 -
247 3815 388 3856 mulcerem.
402 3816 429 3854 E.
444 3815 529 3858 honr.
599 3815 622 3866 d)
642 3772 917 3858 &mles-nummu
986 3817 1007 3864 e)
1027 3815 1114 3858 bbscr.
1129 3818 1147 3858 1.
1213 3815 1322 3866 netuli.

207 3869 292 3912 Lem.
306 3870 338 3919 R,-
359 3868 431 3912 illul.
484 3869 582 3918 aelel.
597 3867 729 3916 asella·
751 3873 836 3908 terrore
850 3869 876 3911 B.
931 3866 1068 3919 h)pcrcus=l
1083 3869 1107 3914 Ε,
1122 3868 1206 3912 ΜΠ.
1260 3869 1323 3921 ntis

207 3934 258 3973 cor„
273 3921 424 3973 summoti)
438 3923 479 3966 del.
489 3925 508 3964 1.
561 3921 629 3970 hm
643 3921 940 3970 1.B‚L0111‚·venlrell.
991 3921 1008 3972 l)
1022 3934 1064 3966 om.
1078 3923 1103 3966 E.
1117 3923 1203 3964 Lem,
1249 3923 1323 4016 inpete

169 3977 372 4024 401.R.lell;
391 3975 564 4026 reputemus,
582 3975 780 4024 unaqueun-
793 3975 878 4026 patos,
897 3975 1000 4019 thom.
1053 3979 1077 4024 n)
1090 3977 1120 4015 sie
1134 3979 1153 4018 1.
1207 3978 1266 4024 one
1284 3987 1322 4016 en-

208 4030 275 4080 tibus,
290 4030 334 4068 cllo
349 4033 429 4073 mam.
442 4040 501 4068 corr,
515 4027 664 4069 residantlbus
678 4029 698 4077 1,
713 4032 732 4067 et
746 4029 778 4066 leo
792 4028 819 4070 N.

210 4208 235 4269 1)
254 4205 307 4258 Hic
324 4205 380 4258 ἀΐω
397 4221 431 4257 ex
452 4206 621 4272 praedest
636 4205 765 4258 relations
781 4207 907 4274 repositus
925 4213 969 4260 est.
1058 4207 1087 4275 2)
1104 4206 1171 4259 Cum
1189 4207 1240 4258 tao
1256 4223 1322 4258 nor-

207 4278 311 4329 ratane
330 4276 443 4330 Ouccor.
466 4293 489 4331 o.
508 4277 733 4344 saul-lases,
752 4276 796 4329 11).
816 4277 890 4331 Chr!
906 4277 937 4344 V,
959 4294 989 4345 p.
1002 4280 1055 4334 643
1067 4294 1114 4346 sq„
1139 4281 1179 4330 ito
1196 4281 1321 4346 convenit,

207 4355 238 4400 ut
255 4349 368 4400 maa-e
389 4349 478 4414 possis
499 4348 607 4400 madan
631 4349 782 4402 relationem
807 4348 841 4401 ab
858 4363 886 4401 eo
910 4355 934 4402 ct
951 4366 970 4401 c
987 4355 1078 4403 nostro
1095 4351 1244 4404 adhibitam
1262 4366 1321 4404 esa.
