3186 4844
305 369 358 423 128
444 365 610 421 ORONIOA
629 367 657 422 S.
670 365 787 421 PETRI
806 366 1068 422 ERFORDENSIS
1085 367 1283 424 MODERNA.

304 549 370 614 sint
393 571 430 614 oc
452 552 527 614 bene
544 550 695 631 perspici,
719 571 778 631 quo
794 551 1002 630 temporinos
1018 557 1130 632 partes
1145 550 1330 633 compositae
1344 551 1420 632 sint,

304 637 420 702 citrino
449 637 515 702 iam
545 637 717 718 difficilius
745 646 790 703 est
818 639 955 704 discreta
984 639 1124 704 diuersos
1157 647 1299 704 auctores
1328 646 1422 720 atq-no

304 726 449 791 diuersas
463 727 655 808 partiendos.
706 727 784 793 Cum
813 727 897 792 enim
926 728 1006 792 tiber
1033 727 1188 793 Gronicae
1217 728 1252 793 in
1275 728 1421 793 armario

303 815 491 880 nconosterii
514 822 599 896 esset,
623 815 691 880 iam
714 815 834 881 additis
856 816 966 880 caenis
987 816 1086 897 sotiis,
1116 823 1152 881 ut
1178 817 1310 898 uidetur,
1341 824 1377 880 ut
1398 839 1420 881 a

297 903 436 986 posteris
449 906 551 986 ptura
575 905 776 986 adderentur,
800 904 874 984 fieri
891 905 1003 986 potuit,
1026 912 1062 970 nt
1084 928 1105 970 3
1127 905 1234 970 mcdtis
1255 904 1453 970 rnonackiss

303 1013 373 1056 eum
395 993 565 1074 0393300033
582 993 742 1074 paulatim
759 1015 868 1074 panca
890 995 938 1058 od
958 995 1059 1058 matta
1081 996 1320 1059 adnotarentnr.
1363 995 1419 1058 Ac-

304 1087 408 1146 tamen
436 1081 532 1146 etiam
560 1082 722 1162 sequentia
750 1082 788 1146 in
817 1081 960 1147 diuersos
983 1089 1096 1164 partes
1125 1081 1266 1148 diuidere
1288 1090 1420 1148 conatus

302 1191 381 1251 sum,
405 1191 474 1234 oum
493 1171 657 1235 nonnullis
679 1171 755 1235 iocis
770 1191 864 1236 nooos
878 1171 1047 1252 scriptores
1068 1171 1289 1236 narrationem
1311 1192 1418 1236 rernm

303 1258 502 1324 continuasse
524 1259 605 1323 satis
621 1266 754 1340 poteret,
786 1262 841 1324 sed
862 1260 1055 1342 scatentium
1075 1259 1229 1341 portium,
1254 1281 1334 1341 quas
1356 1261 1419 1325 dis-

302 1346 395 1428 crevi,
419 1347 527 1412 omnia
550 1350 718 1413 eorundem
740 1369 805 1414 esse
827 1355 990 1413 auctorum
1013 1351 1196 1414 contendere
1218 1350 1298 1412 noto.
1429 1373 1457 1412 ιο

409 1436 503 1500 Recte
531 1435 656 1518 quidem
684 1436 717 1502 O.
741 1437 881 1502 Wenci·l
908 1444 937 1500 et
963 1438 1004 1500 E.
1029 1437 1171 1502 Senatu
1199 1438 1219 1501 t.
1243 1439 1263 1500 t.
1288 1460 1323 1519 p.
1344 1443 1415 1502 145.

302 1531 480 1589 statuerunt
508 1527 657 1589 annalem
684 1531 776 1589 1292.
809 1528 848 1590 30
873 1526 937 1590 aiio
960 1533 1094 1607 auctore,
1119 1527 1418 1591 alessandro

302 1613 509 1694 couscriptum
544 1635 618 1693 esse,
649 1635 718 1678 cnm
744 1615 883 1693 Adotfus
912 1635 970 1678 reu
996 1614 1065 1679 diis
1094 1619 1228 1680 amator
1258 1617 1350 1699 pacis
1380 1621 1417 1682 30

301 1703 458 1767 iusticias
482 1703 661 1784 oppettetnr,
684 1703 745 1784 hio,
769 1725 839 1767 crim
858 1702 1076 1785 Thurinpiam
1097 1703 1274 1784 invasisset,
1298 1725 1416 1786 maana

301 1790 489 1855 contumelio
518 1790 694 1872 officiatur,
724 1793 809 1856 unde
837 1791 933 1857 etiam
962 1798 1095 1874 apparet
1119 1799 1267 1874 quartum
1290 1799 1454 1873 partem-1⁵

302 1880 342 1942 30
372 1885 517 1943 o.1291.
546 1879 748 1960 incipientem
777 1887 851 1945 ante
878 1886 1023 1945 a.1294.
1054 1880 1205 1961 scm'ptam
1231 1902 1305 1946 esse.
1353 1881 1418 1946 Sed

300 1989 360 2049 qno
390 1969 453 2033 toco
480 1970 557 2032 0333
586 1968 712 2034 desinat
740 1976 769 2033 et
797 1969 926 2050 quintus
954 1977 1064 2034 auctor
1093 1969 1253 2034 scribendi
1285 1969 1416 2034 initium

300 2056 419 2138 fecerit,
450 2057 628 2122 discernere
655 2079 770 2138 nequeo
780 2060 800 2137 ²,
824 2059 908 2122 unde
930 2058 989 2122 033
1013 2065 1125 2139 portas
1153 2060 1210 2123 snt)
1239 2079 1302 2122 uno
1326 2057 1415 2122 tituto

294 2144 400 2226 posui.
451 2146 602 2226 Qrcr'ntum
624 2166 697 2210 sero
719 2153 876 2212 auctorem
899 2147 1006 2211 oncroia
1029 2168 1125 2228 nsque
1148 2148 1192 2212 ad
1212 2147 1309 2226 finem
1332 2147 1416 2210 aroni-

304 2239 398 2298 1299.
422 2233 586 2316 scripsisse
608 2234 737 2316 conicio,
762 2235 852 2300 oriris
869 2235 994 2316 quidem
1010 2242 1149 2300 entrnna
1164 2242 1259 2317 porte
1282 2235 1348 2299 iam
1364 2256 1454 2300 ressa

300 2344 332 2386 3.
359 2327 454 2386 1302.
489 2330 617 2388 enermte
648 2331 753 2405 pestac
785 2323 978 2403 reseruntur.
1031 2325 1118 2388 Nom
1156 2345 1226 2388 mom
1259 2323 1416 2405 hucusque

300 2411 421 2491 copiose
449 2433 513 2476 non
542 2414 631 2477 modo
654 2414 692 2476 de
714 2415 806 2476 rebus
827 2413 865 2476 in
892 2411 1076 2494 Ttinrinpia
1099 2419 1128 2476 et
1149 2411 1336 2492 Erfordiao,
1359 2414 1417 2477 sed

299 2499 395 2564 etiam
424 2501 462 2564 dc
491 2501 583 2566 rebus
611 2501 647 2566 in
673 2500 807 2586 imperio
829 2507 858 2566 et
879 2523 900 2566 a
922 2501 1049 2583 repibus
1069 2501 1165 2583 pestis
1186 2507 1346 2582 narretur,
1370 2522 1413 2565 se

299 2589 423 2670 aruntis
444 2589 554 2671 partis
580 2589 711 2654 initium
740 2597 829 2655 tenne
858 2597 950 2672 otone
976 2589 1056 2654 eade
1078 2597 1130 2654 cst.
1179 2590 1243 2654 Sub
1267 2613 1297 2654 a.
1318 2595 1413 2654 1300.

217 2695 219 2698 ·
300 2677 384 2741 nitit
413 2677 480 2742 nisi
508 2679 546 2742 de
575 2678 690 2743 inbitco
719 2701 740 2743 3
764 2699 855 2760 papa
883 2678 1047 2743 constituto
1080 2677 1228 2759 refertur,
1260 2701 1290 2744 a.
1318 2685 1453 2743 1301.2s

300 2765 401 2830 obitus
423 2765 547 2831 abbatis
571 2768 603 2832 S.
621 2766 719 2848 Petri,
745 2773 889 2832 31902.
913 2768 998 2832 satae
1021 2787 1184 2848 poparum
1206 2766 1414 2832 unoessiones

298 2874 395 2934 nsque
418 2855 463 2918 ad
483 2877 514 2920 3.
534 2860 627 2920 1305.
653 2857 822 2920 adnotatos
844 2862 927 2921 sunt.
962 2857 1066 2937 Atque
1080 2855 1205 2920 etiamsi
1227 2876 1293 2920 non
1310 2855 1413 2920 minoi

292 2942 397 3024 possit
417 2942 527 3008 omnia
546 2965 628 3026 quae
649 2946 706 3008 sub
729 2967 758 3010 a.
780 2950 874 3008 1299.
898 2946 1044 3027 topantur
1073 2946 1112 3009 30
1136 2951 1262 3010 auctore
1284 2944 1413 3026 quintae

291 3030 401 3112 partis
438 3033 617 3114 conscripta
654 3053 730 3114 esse,
764 3038 869 3098 tamen
901 3032 983 3098 miii
1013 3053 1204 3115 persuasum
1241 3033 1338 3098 03033
1371 3033 1412 3098 30

298 3139 329 3184 a.
348 3125 442 3184 1300.
466 3141 566 3185 nooae
581 3121 691 3203 partis
712 3121 842 3186 initium
864 3124 1049 3187 uomendum
1071 3143 1144 3186 esse.
1182 3122 1268 3186 Sane
1282 3121 1449 3202 quintaeso

291 3208 401 3290 partis
423 3231 454 3274 a.
474 3215 566 3274 1293.
591 3211 639 3274 od
659 3215 889 3275 1294-1299.
914 3210 1119 3275 narrationes
1140 3211 1304 3292 quaedam,
1328 3209 1413 3274 inter

297 3319 377 3379 quas
399 3297 540 3380 insipnis
562 3305 607 3364 est
627 3298 687 3364 iila
710 3300 858 3364 bellorum
881 3301 920 3364 30
936 3298 1054 3378 Adotfo
1077 3320 1148 3382 repe
1170 3299 1208 3362 in
1226 3297 1412 3380 Thurinpia

299 3387 344 3452 ‘a
364 3392 457 3452 1294.
477 3392 570 3452 1295.
593 3394 758 3470 postorum,
782 3387 849 3452 iam
863 3387 959 3453 mutto
974 3393 1047 3452 ante
1069 3411 1100 3452 a.
1120 3391 1214 3469 1302,
1238 3407 1303 3452 non
1321 3387 1524 3469 ionpomsss.

297 3482 431 3558 tempore
446 3484 520 3559 post
535 3484 640 3560 postas
655 3497 706 3542 res
728 3476 866 3558 scriptae
887 3498 952 3541 esse
973 3477 1129 3557 sidentur,
1153 3483 1188 3540 nt
1209 3475 1251 3540 Ε.
1269 3475 1413 3542 Schmidt

291 3586 326 3646 p.
346 3571 417 3630 146.
442 3565 591 3648 esposuit.
1420 3590 1447 3628 es

407 3656 473 3735 Quo
501 3655 565 3720 loco
594 3661 699 3720 sentus
727 3660 837 3720 auctor
859 3654 1016 3719 calamum
1038 3653 1223 3736 deposuerit,
1247 3651 1345 3733 facite
1367 3659 1412 3717 est

298 3881 323 3948 1)
337 3879 380 3933 ‘N.
394 3879 508 3932 Arahto'
520 3879 556 3946 X,
571 3897 600 3947 p.
613 3883 671 3936 138.
725 3882 753 3950 2)
772 3882 967 3948 Arpumentnm
984 3879 1053 3948 quod
1065 3879 1183 3932 Sanmite
1196 3897 1226 3946 p.
1241 3881 1301 3935 140.
1317 3879 1408 3945 affert,

296 3957 325 4002 nt
347 3956 436 4020 probet
454 3951 489 4002 30
507 3967 531 4006 a.
546 3953 623 4006 1204.
642 3967 738 4004 nooum
763 3959 896 4004 33303333
921 3953 1028 4003 initium
1052 3951 1186 4004 3330033310
1208 3953 1359 4018 sumpsisse,
1377 3967 1410 4002 ne

295 4023 349 4073 titt
372 4022 475 4090 quidem
496 4022 605 4088 pondus
628 4023 712 4077 habet
748 4023 819 4076 Sane
841 4025 865 4074 ts
890 4023 938 4075 sub
960 4024 1083 4078 31294.
1110 4022 1286 4075 Caelestinum
1306 4037 1408 4090 papam

294 4109 321 4147 3.
342 4095 420 4149 1296.
446 4092 598 4160 defunctum
625 4093 718 4147 obiisse
742 4094 826 4147 dicem
848 4097 947 4162 potuit,
975 4096 1081 4146 etiamsi
1105 4099 1187 4145 totam
1210 4093 1350 4146 (03303333
1376 4093 1445 4144 abta

295 4165 413 4219 31072.
437 4166 592 4231 compsisset.
629 4165 724 4218 Nescio
741 4181 777 4216 an
796 4167 912 4221 a.1293.
929 4171 990 4234 post
1012 4165 1111 4218 ottmm
1129 4163 1273 4230 theponis
1296 4165 1411 4232 episcopt

294 4234 408 4287 relatum
434 4241 548 4303 quartum
574 4241 666 4288 endor
691 4235 824 4290 smmum·
849 4236 927 4302 finem
952 4237 1051 4302 fecerit,
1079 4251 1137 4287 oum
1162 4237 1259 4288 033333
1282 4241 1409 4303 sequatur

294 4305 378 4358 Anno
396 4304 507 4358 Domini
525 4303 709 4362 MOOXOIII.
