3246 4866
289 337 344 392 ars
379 319 744 390 memorassem
755 333 915 390 nasoan
935 333 1042 392 cour.
1051 333 1107 391 111.
1125 336 1162 392 A.
1173 335 1358 392 msc-mss.

85 547 88 554 ’
204 505 281 561 1346.
290 521 411 596 tatem,
436 517 598 582 ‘maximo
627 521 731 582 vento
760 518 798 580 in
828 519 946 582 eadem
977 520 1063 584 hora
1092 519 1208 584 subito
1235 518 1342 582 flante
1366 534 1514 585 exmnca

292 606 514 692 permissione
531 607 657 683 divina,
682 626 724 671 ex
740 627 806 689 quo
830 607 910 690 igne
934 608 1090 691 predicta
1113 609 1234 674 civitas
1249 603 1407 670 totaliter

292 696 461 760 conbusta
476 695 547 758 fuit
557 695 578 758 ¹.
603 695 672 760 Ubi
688 695 836 760 sedecim
853 715 1020 780 sexagena
1037 697 1216 761 hominum
1231 699 1268 761 et
1280 693 1407 758 XVIII

292 785 447 849 homines
478 784 808 849 circumsedentibus
838 785 913 848 noti
943 785 1185 851 miserabiliter
1219 783 1406 870 perierunt,

145 577 173 625 cs.
181 578 241 618 cont.
248 575 282 618 ΙΙ.

292 874 443 957 exceptis
474 872 550 936 aliis
580 874 769 938 innumeris
798 873 985 956 incognitis
1009 878 1045 940 et
1067 876 1219 940 advenis.
1266 874 1309 937 In
1332 872 1430 955 ipsas

292 963 400 1027 eciam
425 963 509 1026 hora
533 962 731 1027 balistarius
754 963 836 1026 dum
860 964 1067 1028 secundam⁸
1086 964 1194 1028 telam
1216 961 1406 1047 sagittavit,

291 1051 431 1135 quidam
453 1051 491 1114 in
513 1051 635 1114 meniis
659 1051 809 1115 civitatis
840 1055 935 1116 stans
965 1072 1006 1116 ex
1028 1052 1095 1117 Dei
1117 1052 1273 1117 vindicta
1294 1051 1406 1135 ipsum

291 1140 363 1204 tela
393 1140 517 1205 emissa
545 1139 733 1214 interiecit,
764 1140 962 1206 marchione
996 1142 1151 1225 predicto
1182 1143 1274 1206 circa
1307 1159 1408 1202 suum

291 1228 384 1293 latus
408 1229 600 1293 assistente.
645 1229 785 1293 Accidit
808 1229 916 1293 eciem
939 1229 989 1294 ibi
1015 1231 1187 1296 modernis
1211 1229 1337 1295 seculis
1359 1228 1407 1292 in·

292 1319 459 1394 auditum,
480 1318 571 1400 quod
587 1338 686 1382 aures
702 1317 889 1382 christiane
909 1319 1028 1383 audire
1044 1322 1284 1404 expavescunt.
1317 1317 1407 1381 Nam
1419 1336 1445 1375 ιο

292 1407 430 1490 quidam
448 1407 542 1471 canis
565 1407 873 1490 inpudentissimus
895 1409 1034 1472 nomine
1049 1408 1236 1473 Heinricus
1255 1408 1297 1472 de
1310 1406 1407 1470 Volc-

292 1499 381 1561 stete
405 1495 554 1579 pixidem
578 1496 768 1560 hostiarum
792 1495 918 1560 vivifici
942 1497 1092 1581 corporis
1117 1496 1255 1572 Christi,
1279 1497 1407 1578 inquo

291 1585 404 1649 tocius
420 1586 570 1649 humane
587 1585 709 1648 salutis
725 1605 859 1648 summa
874 1586 1041 1658 consistit,
1066 1586 1233 1670 arripiens
1249 1585 1407 1670 prorupit

291 1673 328 1738 in
344 1675 408 1738 hec
424 1673 543 1738 rerba:
571 1673 765 1755 ‘Nunquam
781 1694 864 1737 usus
887 1693 962 1738 sum
979 1675 1044 1739 hoc
1060 1677 1283 1751 sacramente,
1306 1673 1407 1737 modo

293 1783 411 1827 vorare
427 1762 505 1827 volo
529 1763 574 1826 ad
597 1763 838 1837 saturitatcm‘,
862 1766 898 1826 et
921 1763 969 1826 sic
992 1767 1126 1846 partem
1142 1763 1319 1828 devoravit
1335 1781 1445 1846 par-m

292 1854 431 1935 temque
453 1851 490 1914 in
514 1852 747 1935 pavimentum
772 1851 914 1930 deiecit;
939 1852 999 1934 qui
1022 1857 1142 1936 postea
1164 1853 1202 1915 in
1225 1852 1320 1916 brevi
1339 1871 1407 1914 sus·

293 1940 418 2024 pendio
442 1940 683 2006 miserabiliter
706 1944 747 2004 ut
767 1940 872 2004 iudas
896 1940 999 2024 periit
1023 1941 1115 2006 circa
1137 1942 1313 2006 civitatem
1338 1940 1408 2004 Sal·

136 2050 436 2113 amarrnungen.
526 2035 646 2093 Eodem
669 2052 752 2093 anno
769 2035 947 2109 Grysheym
970 2033 1006 2094 et
1030 2030 1097 2095 alie
1119 2033 1267 2114 quatuor
1291 2023 1403 2093 curie¹¹

197 2125 464 2223 *mmmmm
487 2128 590 2182 sunt.

204 2233 282 2284 1346.
400 2206 516 2270 *Anno
540 2207 681 2271 Domini
704 2199 975 2272 MOCOXLVII.
1009 2208 1096 2272 obiit
1126 2208 1265 2272 domina
1295 2207 1446 2272 Mech-so

189 2296 424 2370 (MD-thildis,
448 2295 662 2360 nobilissima
685 2296 931 2361 marchionissa
946 2297 1210 2380 Thuringorum,
1235 2297 1409 2362 Ludewici

292 2385 507 2469 imperatoris
524 2384 626 2462 filiai,
647 2385 850 2469 sepultaque
871 2389 923 2450 est
942 2386 980 2449 in
996 2385 1093 2451 Cella
1110 2407 1216 2470 prope
1233 2386 1409 2450 civitatem

293 2473 445 2558 Friberg.

204 2533 283 2646 132¹}
399 2569 518 2626 Eodem
548 2585 631 2626 anno
660 2569 693 2625 in
717 2569 767 2626 die
790 2569 892 2626 sancti
914 2569 1047 2627 Dionisii
1069 2570 1323 2628 intoxicatus
1348 2573 1410 2627 est

143 2657 172 2704 εἴ·
181 2657 282 2700 MH-
291 2659 462 2733 imperator
491 2657 676 2732 Ludewicus
706 2675 775 2732 per
804 2658 963 2716 ducissam
994 2659 1033 2716 do
1056 2659 1195 2726 Austris,
1223 2677 1296 2717 oum
1326 2671 1445 2716 arno-ac

292 2764 371 2804 rem
402 2747 503 2803 sancti
524 2746 674 2804 Iohannis
705 2764 837 2804 secum
868 2747 1024 2805 biberet.
1069 2748 1212 2806 Tandem
1239 2749 1409 2823 imperator

292 2853 451 2893 venenum
467 2837 620 2903 senciens,
640 2851 771 2911 sperans
786 2836 929 2904 evadere,
949 2836 1138 2894 ascendit
1154 2854 1297 2913 equum,
1322 2854 1408 2894 eum

293 2925 378 2982 suis
402 2925 443 2982 ad
468 2925 670 2982 venacionem
700 2925 992 2999 proficiscens,
1017 2927 1170 3000 expiravit
1193 2927 1226 2983 in
1249 2942 1339 3001 equo,
1364 2943 1408 2982 se·

292 3014 400 3088 pultus
423 3014 527 3070 estin
551 3014 678 3070 civitate
701 3012 833 3070 Monaco
841 3008 861 3071 ³.

205 3103 281 3157 1349.
398 3096 501 3160 Anno
521 3095 661 3159 Domini
679 3095 969 3160 MUOOXLVIII.
1006 3095 1208 3162 Grurtherus
1233 3117 1344 3162 comes
1366 3098 1446 3162 deso

293 3185 515 3260 Swarcnberc,
542 3179 684 3266 [dictuse
713 3186 756 3249 de
779 3180 964 3266 Amstetei,
988 3186 1114 3250 nobilis
1138 3189 1174 3251 et
1197 3187 1349 3250 famosus
1373 3190 1409 3250 et

185 3297 245 3348 (nn.
253 3274 456 3347 1).memoria
479 3275 613 3358 dignus,
638 3275 676 3337 in
700 3273 800 3338 bellis
823 3295 958 3357 quoque
982 3279 1176 3352 strennuus,
1202 3275 1332 3340 electus
1357 3279 1409 3340 est

291 3363 328 3425 in
352 3383 467 3448 regem
483 3363 715 3427 Romanorum
739 3383 800 3446 per
816 3364 985 3448 principes
1010 3364 1223 3440 subnotatos,
1247 3363 1409 3429 videlicet

293 3473 353 3536 per
377 3453 552 3516 dominum
578 3453 621 3516 de
639 3451 818 3528 Vimbore,
843 3451 1045 3535 Mogontinc
1072 3453 1162 3518 sedis
1186 3453 1409 3536 archiepisco·

291 3542 406 3625 pumt,
439 3563 499 3626 per
521 3541 741 3606 Ludewioum
766 3541 1134 3625 Brandeuburgensem
1165 3543 1446 3614 marchionemcs

291 3732 314 3784 a)
334 3734 365 3772 εἰσ
383 3733 439 3780 (tela
456 3732 507 3779 fem.
518 3735 580 3782 qen.)
598 3732 619 3772 h.
633 3733 646 3774 l.
666 3736 685 3771 ct
699 3732 761 3779 infru
775 3733 789 3774 l.
803 3733 822 3774 8.
845 3733 855 3770 1
876 3731 911 3782 (Ν
921 3731 984 3771 tata
1002 3733 1023 3774 h.
1037 3733 1052 3774 l.
1070 3730 1190 3772 secundam
1204 3733 1300 3772 iaculam
1314 3736 1333 3772 a
1347 3733 1409 3780 infra

291 3787 386 3826 faculam
400 3787 474 3834 misit).
555 3787 578 3834 h)
598 3786 629 3824 stc
643 3785 667 3824 N
685 3795 732 3824 eum
747 3785 807 3829 eone.
821 3785 861 3832 II‚·
882 3785 978 3825 ecclesie
991 3786 1011 3824 1.
1093 3785 1115 3837 c)
1136 3786 1156 3828 d.
1171 3784 1199 3825 de
1214 3786 1240 3830 A.
1255 3787 1328 3826 eadem
1343 3797 1409 3825 manu

290 3851 397 3890 superscr.
411 3842 431 3888 1,
445 3840 520 3878 darant
538 3839 560 3881 V.
575 3839 603 3882 Ν,

293 3967 319 4032 1)
338 3964 395 4016 Hoc
420 3963 472 4018 loco
492 3964 578 4031 plura
596 3981 675 4032 pacm
701 3965 731 4014 in
751 3965 824 4018 Ceut.
844 3963 883 4018 II.
909 3967 1044 4031 exscripta
1069 3970 1133 4016 sunt
1157 3979 1191 4015 co:
1215 3966 1410 4016 minuatione

291 4037 436 4103 deperdita,
455 4052 488 4088 ca
505 4037 595 4088 cadem
613 4042 721 4102 sumpta
738 4035 814 4087 tate
836 4036 925 4100 frater
943 4035 1000 4090 osui.
1020 4035 1241 4087 Pradmotorum
1261 4035 1359 4088 Ismuc.
1379 4037 1446 4088 iaso

292 4107 371 4165 Cron,
395 4107 478 4160 ntur.
497 4123 517 4161 c.
536 4109 580 4168 22,
602 4106 619 4174 ξ
639 4109 673 4161 10
691 4106 769 4170 (Par.
788 4123 809 4161 c.
824 4109 896 4168 101).
935 4107 978 4170 Cf.
997 4106 1042 4159 ‘N.
1061 4107 1176 4158 Archiv'
1194 4106 1275 4169 XXI,
1298 4123 1327 4172 p.
1346 4109 1408 4161 478.

290 4179 319 4243 2)
337 4179 397 4230 Iam
415 4195 439 4231 a.
455 4179 532 4232 1346.
556 4176 608 4230 luz.
627 4179 659 4243 23
684 4179 757 4232 Ana.
772 4177 925 4240 Vosmet,
944 4177 992 4232 SS.
1007 4177 1084 4244 XVI,
1100 4194 1130 4245 p.
1143 4179 1193 4245 453
1219 4179 1291 4232 Aac.
1305 4177 1409 4229 Vetero-

292 4251 354 4334 Ccll.
374 4249 490 4372 citililipael
502 4266 532 4316 p.
545 4251 606 4304 2⁴23.
662 4247 689 4316 3)
707 4249 750 4312 Os.
768 4265 836 4316 quac
853 4249 890 4301 cd
902 4249 975 4303 eont.
991 4249 1075 4303 Itur.
1095 4251 1229 4303 adnotavi.
1283 4251 1311 4317 4)
1324 4247 1409 4301 Hein-

290 4337 377 4373 rwum
445 4362 450 4374 .
