3222 4850
366 318 535 375 GRONIOA
547 318 576 376 S.
587 319 703 374 Parsa
715 318 978 375 ERFORDENSIS
990 319 1080 375 MOD.
1099 320 1135 376 A.
1146 324 1223 378 1274.
1305 325 1357 378 267

240 503 355 588 gorius
370 503 415 566 X.
436 503 547 566 virum
568 503 796 587 approbatum
820 505 855 568 et
878 503 1076 587 religiosum
1101 507 1136 568 et
1159 523 1220 588 per
1243 505 1358 568 omnia
1368 511 1445 565 1274.

239 593 387 656 sciencia
404 591 589 670 eruditum,
614 592 762 676 priorem
786 591 828 656 de
851 592 995 657 ecclesia
1012 591 1228 657 Cloniacensi
1251 594 1356 656 nutri·

238 681 346 758 ium1,
371 681 408 744 in
435 681 634 764 episcopum
657 681 849 745 constituit.

347 769 486 834 ‘Idem‘
513 768 700 852 Gregorius
721 791 812 853 papa
834 769 871 833 in
895 768 1040 834 concilio
1064 769 1249 852 diligenter
1272 791 1449 840 com-mna.

205 859 333 922 emisit
367 858 535 922 iratribus
569 857 746 941 predicare
782 878 917 923 crucem
955 857 992 920 in
1030 856 1221 922 subsidium
1255 858 1357 924 'Perre

239 947 375 1025 Sancte,
390 951 425 1012 et
441 946 571 1031 utplus
587 947 709 1011 adhoc
725 967 782 1012 eos
800 947 964 1024 alliceret,
978 939 1356 1012 libellnmlsdelicatum

237 1057 329 1120 papa
350 1036 445 1099 misit
467 1036 512 1099 ad
527 1035 785 1119 perlegendum,
811 1036 907 1099 cuius
922 1039 1022 1100 tenor
1036 1034 1118 1100 talis
1134 1039 1202 1100 est:
1275 1035 1358 1100 Olim

243 1122 587 1204 Constantinopolitani
616 1145 638 1188 a
669 1122 861 1188 Sarracenis
894 1122 1116 1187 violentissime
1149 1123 1302 1205 oppressi,
1336 1147 1357 1188 a

238 1212 365 1277 Karoia
387 1211 514 1294 Magno
543 1210 730 1294 imperatore
759 1211 918 1277 auudinm
947 1211 1129 1294 suppliciter
1151 1213 1355 1294 postulantes,

202 1301 494 1382 reimpetravevnnt,
524 1302 608 1381 quod
635 1299 701 1382 ipse
723 1300 869 1366 Karalus
898 1321 969 1365 cum
997 1299 1135 1365 exercita
1162 1299 1357 1366 Christiano-

237 1411 310 1454 rum
341 1389 555 1470 personaliter
587 1387 624 1452 in
661 1387 855 1454 adiutorium
888 1387 974 1454 venit
1009 1387 1064 1453 eis.
1120 1390 1187 1470 Quo
1224 1390 1351 1474 anditae

238 1478 380 1543 timentes
403 1477 586 1559 Sarraceni,
612 1499 694 1559 pace
722 1478 819 1558 facta,
855 1476 1218 1559 Constantinopolitanae
1246 1477 1356 1561 immp-

237 1563 339 1632 nare‘¹
366 1567 403 1632 cte
426 1572 524 1632 cetero
546 1587 611 1630 non
634 1566 801 1631 audebant.
848 1566 926 1630 Post
953 1587 1085 1648 quoram
1111 1587 1265 1632 recessum
1288 1567 1356 1632 Ka·

236 1656 325 1720 volus
340 1676 379 1720 ea
393 1654 558 1720 devocione
580 1653 642 1720 sibi
664 1661 693 1720 et
714 1653 782 1719 suis
797 1653 918 1720 ostendi
940 1654 1065 1737 ropavit
1084 1675 1206 1721 mucan
1221 1655 1357 1722 Domini

201 1750 266 1809 1set
288 1744 432 1826 spineam
455 1749 641 1824 coronam⁰,·
662 1742 775 1824 quitus
797 1763 867 1808 cnm
889 1743 1070 1809 reverencia
1092 1744 1284 1825 monstratis,
1308 1745 1356 1809 in·

236 1833 339 1898 mensi
368 1831 476 1898 odoris
507 1832 651 1897 erravitne
680 1837 771 1896 tanta
800 1831 914 1896 exinde
942 1853 1087 1915 respersa
1117 1839 1174 1914 est,
1205 1840 1357 1914 quantam

237 1922 397 1986 nullovmn
419 1927 486 1986 etas
501 1920 663 1985 lominum
686 1927 760 1986 mm
782 1919 928 2002 mmpovis
950 1921 1137 1986 meminerat
1159 1943 1190 1987 se
1212 1921 1354 2004 sensisse,

236 2016 272 2074 nt
287 2016 443 2093 putarent
463 2031 495 2074 se
511 2015 673 2092 presentes
694 2008 732 2074 in
754 2009 923 2074 amenitate
938 2009 1092 2091 paradisi
1107 2010 1248 2093 positos,·
1270 2018 1300 2076 et
1319 2011 1357 2076 in

237 2099 309 2182 msa
338 2099 420 2164 lora
449 2099 486 2163 de
508 2099 662 2163 suavitate
684 2097 791 2163 odoris
815 2098 905 2163 itlius
928 2097 1065 2180 plurimi
1087 2093 1181 2164 rums
1208 2101 1312 2165 curati
1336 2123 1357 2166 a

201 2187 373 2253 adiversis
394 2186 644 2268 infirmitatibus,
668 2193 699 2252 et
713 2187 832 2268 plures,
856 2186 912 2268 qni
926 2185 1096 2268 sepeliendi
1118 2195 1211 2253 eram
1231 2189 1355 2270 mortni,

237 2283 311 2342 sunt
332 2275 521 2341 resuscitati.
572 2275 651 2342 &vm
673 2283 777 2340 autem
800 2275 945 2340 Karalus
968 2296 1116 2340 emonam
1138 2276 1274 2342 Domini
1296 2279 1356 2360 spi-

237 2386 331 2430 neam
359 2365 509 2430 munitm
537 2366 641 2430 devote
670 2369 827 2444 tractaret,
858 2363 924 2428 alti
952 2365 1049 2443 flores
1077 2364 1155 2429 miri
1184 2365 1290 2430 odoris
1319 2387 1357 2431 ea

237 2453 349 2536 spinis,
381 2453 524 2519 manibus
552 2453 738 2534 videntibus,
769 2473 842 2517 mvn
870 2452 970 2517 armti
997 2459 1078 2534 snut,
1109 2475 1186 2534 qnos
1209 2454 1357 2536 callipens

237 2543 384 2608 Karalus
412 2563 469 2607 rea
496 2542 565 2607 iam
586 2549 727 2606 maturos
748 2541 786 2606 in
809 2541 973 2607 cirotecam
995 2563 1087 2607 mmm
1109 2542 1281 2622 honorifice
1308 2543 1356 2607 cle·

202 2656 229 2696 vs
232 2631 350 2714 posuit,
374 2631 430 2713 qni
449 2631 641 2714 paulopost
661 2631 699 2695 in
720 2651 843 2695 manna
865 2630 1006 2696 conversi
1029 2633 1133 2696 santi
1243 2632 1356 2715 Igitur

238 2722 329 2786 lecto
362 2720 483 2785 libello
518 2721 579 2785 illo
609 2723 646 2784 in
675 2719 856 2802 Lugduno,
888 2720 1006 2784 statim
1037 2742 1127 2805 papa
1161 2721 1263 2785 misso
1294 2741 1355 2786 suo

237 2811 381 2875 nunctio
404 2811 552 2874 eundem
575 2809 733 2874 libellum
755 2807 931 2892 repeciim.

344 2898 528 2964 Decrevitg
547 2899 654 2964 eciam
676 2918 768 2982 papa
791 2917 868 2961 cum
890 2897 1066 2976 concilim,
1092 2900 1183 2982 qnod
1207 2903 1355 2964 tantum·

236 2988 339 3052 modo
368 2988 405 3051 in
436 2986 579 3052 ecclesia
611 2987 681 3052 sint
710 2987 779 3050 duo
809 2986 945 3050 ordines
968 2987 1213 3052 mendicantes.
1259 2983 1351 3052 liliih

200 3079 355 3142 mantem
393 3097 429 3141 se
464 3077 508 3140 ad
542 3069 627 3140 alia¹
659 3075 810 3140 claustra
843 3077 879 3139 et
907 3074 1091 3158 religiones
1125 3077 1352 3154 transierant;

237 3159 312 3228 sin*
331 3167 457 3242 antem,
482 3165 597 3250 plures
619 3186 690 3228 non
704 3164 883 3248 recipiant,
907 3163 967 3227 sed
989 3164 1158 3249 paulatim
1182 3167 1353 3230 deficiant.

236 3247 323 3318 Hic¹
354 3275 443 3339 papa
475 3253 661 3337 Gregorius
694 3252 845 3318 decimus
878 3253 1003 3319 statuit
1012 3253 1033 3330 ⁶,
1067 3254 1158 3336 quod
1193 3254 1352 3338 episcopi,

237 3344 296 3426 qni
328 3342 491 3408 ordinant
521 3343 661 3408 clericos
685 3341 796 3405 aliene
819 3341 998 3424 parrochie
1022 3341 1096 3406 sine
1119 3341 1265 3407 licencia
1288 3344 1354 3426 epi·

236 3451 416 3515 scoparum
440 3453 579 3496 suornm
604 3430 774 3506 scienter,
799 3449 1003 3512 perannum
1019 3451 1040 3494 a
1056 3430 1244 3497 collacione
1267 3432 1452 3504 ordi-*mssa

199 3542 320 3585 anum
343 3523 413 3586 sint
436 3520 608 3605 suspensi;
639 3522 755 3583 tamen
786 3517 903 3582 clerici
928 3518 1081 3602 ipsorum
1103 3523 1247 3604 possunt
1270 3520 1354 3585 alibi

235 3675 259 3726 a)
272 3676 328 3715 Item
342 3676 370 3719 B.
437 3675 460 3722 b)
474 3675 584 3724 quendam
598 3673 636 3716 llb.
652 3675 678 3717 R.
740 3677 761 3722 c)
775 3675 806 3712 stc
819 3675 851 3721 Β)
871 3677 911 3713 aut
924 3677 944 3719 1.
1003 3673 1028 3724 d)
1040 3684 1086 3713 non
1099 3675 1150 3718 and.
1163 3676 1192 3716 de
1205 3681 1247 3718 cet
1262 3677 1312 3726 imp.
1327 3678 1354 3720 R.

234 3727 256 3777 e)
270 3729 381 3769 eorononi
394 3729 467 3766 statim
481 3739 539 3767 corr.
554 3727 635 3769 aaroni
650 3730 670 3770 1.
736 3728 802 3774 {latr
815 3727 848 3775 R,-
869 3737 911 3769 vm.
925 3731 944 3773 1.
1010 3726 1035 3778 g)
1048 3727 1134 3770 nouem
1148 3739 1206 3770 anno
1220 3727 1281 3770 decr.
1295 3742 1353 3780 papa

234 3782 259 3821 ln
273 3792 336 3824 cone.
349 3781 442 3832 nugam
450 3783 524 3832 percit
537 3781 562 3824 a.
628 3780 653 3830 h)
672 3779 717 3821 alla
730 3781 756 3822 Ε.
823 3779 840 3831 l)
859 3780 891 3818 stc
905 3781 936 3830 s,-
955 3793 997 3822 om.
1013 3784 1033 3820 1.
1099 3783 1124 3832 k)
1143 3783 1185 3834 sul,
1200 3785 1273 3823 endan
1287 3795 1353 3823 manu

233 3845 341 3886 superam.
353 3837 390 3876 rln
403 3837 422 3879 l.
474 3836 492 3884 l)
504 3836 546 3875 Hic
560 3855 585 3864 -
598 3835 697 3875 valitura
710 3835 742 3883 (p.
757 3835 804 3884 ms,
822 3835 836 3877 l.
851 3835 889 3886 21)
901 3846 942 3878 om.
956 3835 982 3877 Ε.

198 3943 263 4009 401)
279 3943 451 3997 arenarum.
523 3942 551 4010 2)
568 3941 612 4006 Cf.
631 3940 780 3994 Helinmtdi
797 3942 896 3995 Otrvn.
922 3957 948 3996 a.
967 3943 1029 4004 802,
1053 3941 1153 4008 Miyne,
1171 3941 1271 3997 Patrol.
1290 3943 1351 3998 Lat.

236 4013 348 4082 CCXII,
374 4029 394 4068 a.
413 4015 475 4069 845.
565 4014 592 4079 3)
608 4013 736 4065 Fortasse
756 4015 822 4079 qam
839 4015 956 4078 cognovit
973 4013 1089 4064 Rhenum
1113 4029 1167 4066 esse
1183 4015 1352 4066 mmdaaisst-

235 4101 316 4139 ruam.
399 4085 428 4154 4)
447 4085 588 4151 Sequentia
605 4089 712 4150 sumpta
730 4089 793 4135 mat
811 4100 844 4136 m
862 4083 1099 4136 Ommtituttvm'bus
1117 4085 1230 4150 amulii,
1250 4085 1351 4151 Manet,

235 4157 311 4211 eom.
330 4155 439 4221 XXIV,
462 4173 492 4222 p.
510 4157 649 4222 81-1023
674 4155 771 4219 Labie,
791 4155 866 4210 Ocno.
885 4155 937 4218 XI,
951 4158 975 4218 1,
1001 4171 1021 4210 c.
1041 4157 1189 4211 sss-994.
1226 4155 1299 4208 Haec
1319 4172 1352 4208 es

235 4227 322 4282 ΟΜ.
334 4229 369 4282 23
384 4251 415 4270 =
429 4227 506 4279 Sexti
520 4227 620 4281 Dea-u.
640 4227 656 4286 l,
670 4226 726 4293 III,
745 4228 785 4278 m.
799 4227 842 4282 17.
912 4225 939 4294 5)
960 4226 1045 4280 Gonst.
1060 4228 1093 4282 15
1114 4250 1145 4270 =
1165 4227 1351 4282 Siminina.

196 4298 294 4364 tull,
320 4301 359 4353 m.
379 4301 404 4366 9,
430 4313 450 4352 a.
469 4300 495 4353 2.
