3186 4844
303 425 471 482 ORONIOA
489 427 517 484 S.
530 427 646 482 PETRI
663 425 925 482 ERFORDIINSIS
943 425 1140 482 MODERNA.
1231 429 1282 482 139

167 609 256 675 acius
278 617 424 692 exempta
446 611 486 675 ob
510 611 716 675 Hartmanno
739 609 868 674 Sebedet
890 608 927 672 in
953 609 1018 674 cod.
1038 609 1084 672 M
1088 601 1283 673 onocens'i

167 699 238 763 Lat.
263 719 315 764 nr.
338 705 412 763 593.
437 697 594 781 descripta
561 697 694 764 tR2
724 697 861 780 sipnooi,
891 696 946 762 nbi
975 697 1138 778 utriusque
1167 695 1283 761 codicis

167 788 326 853 tectionem
356 788 403 852 777
431 788 563 852 atterius
595 787 700 852 utrius
734 787 887 852 adnotare
917 785 1019 850 77777777
1050 792 1102 850 est.
1083 785 1201 850 tDe
1232 784 1283 850 7777

166 876 324 942 7777777777
345 875 480 958 aliisque
509 897 589 958 quae
611 878 655 942 od
676 897 743 941 rem
765 875 929 956 pertinent
949 875 1059 939 uideas
1083 874 1142 939 88.
1161 874 1281 954 XXX,

141 983 154 1022 a
161 987 194 1046 p.
215 970 279 1029 505
304 986 369 1047 sqq.
417 965 481 1030 Sed
503 965 602 1046 plmo
631 986 669 1030 777
697 963 1065 1030 &antecameram
1088 962 1283 1028 Rsinbords·

167 1053 343 1119 manumisi
365 1055 522 1136 descrepta
544 1053 652 1135 fuisse,
683 1075 778 1135 quom
805 1052 840 1116 bi
869 1052 988 1118 codices
1010 1053 1172 1134 praebent,
1202 1050 1283 1116 mibi

160 1163 353 1224 pmucasum
375 1143 481 1222 babeo,
505 1163 612 1207 censeo
634 1141 718 1207 enim
741 1140 858 1224 77777777,
881 1161 962 1222 quoe

279 1230 391 1314 Oonr.)
421 1229 587 1297 Oouradus
602 1230 883 1296 Hubberstadeasis
905 1230 942 1294 in
962 1227 1204 1310 Oronopropbio
1224 1251 1284 1295 sua

167 1341 205 1386 ere
228 1319 325 1386 aron.
351 1321 383 1385 8.
401 1319 491 1385 Ρ7777
515 1326 638 1403 suncpta
654 1321 794 1401 praebet,
812 1339 876 1384 non
899 1339 938 1383 777
960 1319 1028 1400 bac,
1053 1319 1108 1382 sed
1129 1339 1167 1382 777
1188 1317 1281 1384 Gran.

135 1407 530 1474 ¹⁰Reinbardsbrunnensi
560 1409 721 1490 desumpta
750 1409 845 1472 esse¹.
897 1407 959 1488 Qui
987 1406 1072 1472 inter
1101 1412 1284 1471 71331-

171 1502 266 1562 1237.
284 1499 448 1578 7777777777,
472 1497 556 1562 inter
576 1519 606 1562 a.
626 1501 859 1561 1332-1338.
879 1497 986 1577 mutto,
1010 1496 1078 1575 fere
1093 1502 1187 1560 totam
1202 1495 1283 1561 mde-

168 1586 239 1652 ticet
277 1585 553 1652 Continuotionem
582 1587 617 1667 I,
646 1587 791 1668 praebet,
826 1606 906 1666 77777
939 1584 976 1650 in
1010 1583 1164 1650 Oronicae
1187 1583 1283 1650 177777-

168 1675 315 1740 bardsbr.
339 1674 498 1742 codicibus
520 1695 584 1738 non
605 1673 821 1739 invenientur.
857 1674 948 1738 Haec
969 1672 1069 1754 ipitur
1091 1673 1128 1738 in
1150 1672 1285 1739 editione

169 1785 237 1828 mea
260 1763 357 1828 buius
375 1762 538 1844 Oronicae,
559 1763 618 1830 88.
635 1762 754 1844 XXX,
772 1784 808 1845 p.
827 1767 889 1826 632
903 1783 947 1843 sq.
973 1767 1037 1826 654
1049 1783 1124 1843 saa,
1148 1761 1282 1827 invenis.

138 1871 161 1910 a
173 1851 291 1934 Qrcodsi
313 1853 500 1918 sententiam
522 1874 623 1918 77777777
638 1852 756 1931 falsam
778 1850 981 1932 iudieaoem's,
1010 1850 1192 1916 Conradnm
1211 1850 1284 1917 Oro

170 1941 275 2006 nicam
292 1942 326 2006 S.
343 1940 434 2006 Petri
454 1940 696 2006 Continuatione
712 1940 737 2004 I
736 1993 741 2004 .
767 1947 892 2004 anetam
914 1939 1116 2020 euseripsisse
1138 1939 1282 2006 censebis.

177 2029 313 2111 Utroque
336 2051 412 2095 casn
435 2031 491 2096 boe
514 2031 578 2094 7777
594 2035 668 2111 post
681 2027 722 2110 R,
746 2029 801 2094 nbi
816 2030 924 2094 eodem
946 2029 1014 2094 soba
1034 2027 1237 2094 Continuatio
1253 2028 1282 2094 I.

170 2118 327 2200 usurpa
349 2125 401 2198 est,
431 2118 597 2185 Conrodus
626 2117 806 2201 offerendus
832 2124 885 2182 est.
937 2117 1194 2199 Oronoprapbioe
1217 2117 1286 2183 eins

170 2207 309 2274 ineditae
324 2207 458 2273 codicem
478 2207 721 2272 Vaticanum
735 2207 809 2271 Lat.
826 2227 876 2271 nr.
886 2212 983 2286 3753,
999 2207 1077 2270 mbr.
1090 2227 1170 2272 saec.
1183 2206 1283 2288 XIV,

137 2296 307 2361 nIocobus
323 2297 480 2362 Scbwatm
501 2296 605 2361 socius
627 2301 740 2377 noster,
765 2295 1107 2360 Vindobonensem
1130 2315 1179 2360 nr.
1197 2301 1283 2360 3175

172 2383 367 2464 (1177777777.
394 2386 463 2466 64),
493 2385 593 2450 777777.
623 2385 677 2464 fot.
706 2405 786 2450 saec.
806 2384 885 2464 XV,
914 2384 990 2466 i'pce,
1015 2384 1285 2449 Hannooera·

171 2495 259 2538 num
277 2473 390 2538 XIII.
409 2480 481 2556 753,
506 2474 604 2539 cbort.
629 2493 707 2538 soee.
724 2473 802 2554 XV,
827 2493 926 2554 supro
947 2474 1003 2537 sub
1020 2472 1051 2536 R
1074 2472 1139 2536 iam
1158 2472 1283 2554 dictum,

171 2563 199 2628 J
199 2616 204 2627 .
229 2561 270 2626 R.
296 2561 460 2628 Dietericb
489 2563 592 2627 socius
614 2561 730 2643 etipse
752 2561 983 2647 exscripsimus.
1032 2562 1095 2626 Sed
1116 2560 1168 2625 bic
1190 2561 1285 2626 7777777

171 2651 432 2717 Hannooerarms
455 2652 554 2734 ptura
578 2652 709 2734 praebet
737 2671 774 2714 ea
806 2649 943 2716 Croniea
973 2651 1006 2715 8.
1032 2649 1122 2715 Petri
1150 2656 1283 2732 sumpto,

138 2761 266 2822 nquam
295 2739 462 2806 Conrodns
493 2761 531 2805 777
559 2739 696 2806 Oromca
721 2739 954 2804 Reinbardsbr.
983 2739 1199 2822 exscripserat.
1247 2739 1285 2804 Is

172 2849 287 2910 nempe,
311 2827 367 2910 7777
390 2829 540 2894 7777777777
563 2828 658 2893 buius
680 2827 796 2894 codicis
819 2828 979 2910 conpessit,
1009 2827 1150 2894 Oonradi
1170 2826 1284 2893 Crono

169 2917 339 2999 prapbiam
362 2917 488 3000 mapnis
505 2916 654 2999 partibus
677 2916 814 2982 obiorum
829 2916 1047 2982 chronieorum
1068 2916 1198 2982 insertis
1221 2938 1285 2982 am

165 3006 291 3088 ptiooit,
322 3005 404 3070 inter
433 3027 513 3088 77777
542 3005 635 3070 etiam
665 3025 799 3087 mopnus
833 3007 917 3070 777777
954 3005 1107 3071 07777777
1138 3006 1170 3070 8.
1195 3005 1285 3072 Petri

171 3117 200 3159 a.
227 3099 322 3159 1276.
352 3099 434 3158 1273
459 3090 578 3176 (1277),
609 3116 668 3176 qno
698 3095 778 3159 betto
806 3095 918 3158 borum
948 3116 1106 3160 arenarum
1132 3115 1284 3160 enarran-

139 3189 230 3264 ntnr,
265 3182 436 3248 invenitur.
483 3183 581 3248 Hane
604 3190 730 3265 partem
761 3203 799 3246 ea
834 3183 971 3249 Ororrico
1000 3183 1232 3249 Reinbordsbr.
1264 3206 1285 3249 a

172 3271 306 3337 librario
328 3272 383 3336 7777
399 3272 587 3353 descriptam
605 3293 670 3336 esse
693 3271 809 3351 7777777,
834 3271 889 3353 qni
910 3272 1005 3351 infra
1027 3272 1064 3336 in
1083 3273 1189 3336 eodem
1203 3273 1284 3336 77777-

171 3360 254 3426 mine
272 3366 384 3460 partes
406 3360 502 3426 baias
524 3360 668 3426 cronicae
695 3359 784 3426 Gest
760 3366 801 3424 trs
824 3360 1010 3442 archiepisc.
1034 3361 1285 3441 Mopdebnrpen

172 3449 252 3514 7777777
282 3448 426 3514 inserens
454 3470 523 3514 eam
551 3449 814 3515 777777773177
843 3450 902 3514 boc
925 3455 1020 3530 porte
993 3449 1144 3514 7777777777
1171 3448 1286 3514 codicis

172 3537 316 3602 baama

140 3651 163 3690 77
277 3625 318 3690 H
311 3625 370 3708 )
341 3626 476 3708 77777777,
490 3647 569 3708 quos
580 3647 714 3691 mamma
721 3647 840 3691 momen
843 3626 939 3691 tiesse
950 3625 1083 3690 ostendit
1095 3625 1129 3692 b.
1138 3627 1256 3693 Wencb
1263 3627 1284 3690 3.

331 3715 402 3780 Hoc
425 3716 489 3779 ioco
512 3715 606 3780 etiam
628 3715 842 3780 nominandus
864 3721 909 3780 est

282 3803 417 3887 Tbeod.)
453 3803 664 3868 Theodericus
687 3804 785 3869 Ponti
816 3801 884 3882 (sea
907 3803 1105 3888 Fra-neonis)
1124 3805 1287 3888 presbyter

175 3977 199 4039 1)
216 3978 258 4040 Cf.
278 3978 321 4032 3Ν.
342 3979 455 4030 Arebr'o'
473 3977 554 4043 XXI,
576 3995 605 4046 p.
625 3981 779 4034 erl-273.
798 3981 859 4034 462.
877 3981 938 4034 468.
958 3981 1011 4035 515
1030 3997 1101 4047 sqq.,·
1126 3980 1173 4034 SS.
1193 3979 1286 4043 XXX,

169 4052 261 4114 p511
275 4065 332 4115 sq
349 4065 435 4117 oupro
450 4068 478 4118 p.
493 4052 552 4104 130.
624 4049 653 4117 3)
671 4049 715 4103 N.
728 4051 841 4102 Archio’
854 4050 935 4115 XXI,
949 4067 979 4118 p.
993 4053 1053 4106 333.
1090 4051 1201 4104 Praeter
1218 4051 1287 4104 banc

141 4127 274 4185 amnem
289 4122 370 4172 etiam
385 4119 567 4172 bremssimum
586 4121 671 4172 77777777
689 4124 805 4176 71316.
825 4137 858 4173 eu
874 4123 924 4174 bae
936 4123 1050 4175 07777777
1067 4124 1153 4175 textui
1168 4123 1289 4175 Conrudi

175 4191 293 4245 inseruit.
366 4192 394 4258 3)
415 4191 628 4257 ‘’Forocbunpm
648 4191 712 4256 XX,
734 4211 762 4259 p.
782 4193 874 4246 284-
883 4195 943 4248 386.
981 4194 1031 4246 Sat
1052 4210 1168 4246 moneam
1188 4201 1288 4262 oportet

173 4261 286 4314 scribam
304 4263 431 4318 7777777771
452 4278 506 4315 non
524 4268 613 4315 tuntas
631 4229 806 4328 sepniatios
823 4264 916 4329 fuisse,
943 4270 971 4316 ut
990 4265 1070 4317 ambe
1091 4267 1222 4332 scriberet,
1242 4266 1289 4318 ubi

176 4330 261 4385 aimbe
286 4333 452 4386 sortbmdnm
473 4340 539 4389 erm.
576 4334 670 4386 Scribo
687 4334 793 4389 aoa.1⁸
815 4335 895 4386 ambe
918 4338 1033 4402 77777777,
1060 4353 1077 4386 7
1102 4353 1153 4403 quo
1178 4305 1289 4427 aditores

175 4403 278 4456 Mencke
296 4409 319 4457 et
338 4405 429 4456 8777777
446 4405 491 4458 boa
510 4413 668 4472 suaper-‚unt
