3248 4856
361 361 553 416 cacumen
570 360 734 416 MINORIS
752 360 1014 416 CONTINUATIO
1027 361 1079 416 VI.
1230 365 1277 420 701

168 548 325 611 dominus
349 546 522 610 Iohannes
547 567 634 630 papa
659 546 834 630 predictus
865 549 1004 631 propter
1033 547 1199 629 quosdam
1230 567 1281 611 ex·

167 657 290 711 cessus,
315 638 355 698 ut
379 635 516 712 dicitnr,
533 635 754 698 Ludewicum
777 635 814 697 in
838 655 900 698 sna
923 635 1039 718 gracia
1061 656 1131 698 non
1147 635 1280 710 habuit,

166 726 279 809 ipsum
312 724 350 787 in
380 724 522 788 diversis
556 724 740 807 provinciis
770 725 1097 788 excommunicando
1130 724 1281 788 ubicum-

167 835 233 897 que
256 813 372 898 potnit
400 813 590 896 impedivit,
622 815 657 877 et
680 812 781 876 ambo
812 833 847 877 se
877 813 1023 877 invicem
1046 813 1282 897 vituperantes

139 903 333 987 squaedam
363 901 497 966 litteras
528 922 606 965 eum
640 901 837 965 enormibus
872 901 1027 965 articulis
1061 902 1126 966 sibi
1162 905 1282 965 mutuo

168 993 376 1057 direxerunt.

275 1079 365 1144 Item
389 1079 548 1143 dominus
572 1099 662 1163 papa
677 1081 848 1162 quendam
865 1080 1085 1164 episcopuml
1101 1080 1165 1143 sibi
1190 1081 1284 1163 prins
1295 1089 1371 1141 1316.

168 1172 290 1233 notum
324 1169 368 1232 ad
403 1189 438 1232 se
470 1169 606 1233 vocavIt
640 1171 677 1232 et
710 1167 826 1245 illum,
861 1171 902 1231 ut
939 1169 1075 1243 dicitur,
1115 1189 1176 1252 pro
1214 1169 1284 1232 suis

169 1257 362 1323 excessibus
381 1258 569 1340 captivavit
594 1259 630 1321 et
656 1257 860 1321 excoriando
880 1258 1082 1341 degradavit
1104 1263 1139 1322 et
1161 1257 1284 1321 ultimo

133 1348 249 1431 migne
272 1347 496 1410 consumavit.
544 1345 673 1410 Tamen
696 1346 869 1410 lohannes
892 1368 981 1431 papa
997 1345 1172 1430 predictus
1195 1367 1284 1429 mag·

169 1457 250 1500 nam
288 1435 438 1519 graciam
482 1435 613 1498 faciens
651 1434 779 1522 multos
818 1456 984 1519 pauperes
1024 1435 1198 1500 beneficiis
1239 1435 1285 1498 di·

169 1525 267 1589 tavit.
348 1523 437 1588 Item
462 1524 653 1601 Lndwious,
678 1523 737 1607 qui
761 1543 796 1588 se
819 1544 935 1606 regem
959 1525 1097 1589 dicebat
1121 1525 1285 1588 Romano-

170 1635 255 1690 rum,
281 1613 503 1697 antipapam²
526 1613 638 1676 minus
663 1612 780 1676 debite
807 1614 952 1691 creavit;
984 1617 1019 1678 et
1050 1635 1128 1677 cnm
1158 1613 1218 1677 ille
1248 1613 1285 1676 in
1297 1621 1373 1674 1328.

171 1722 283 1768 errore
306 1722 368 1785 per
392 1702 531 1784 aliquod
558 1706 694 1784 tempus
724 1703 975 1785 permansisset,
1007 1722 1155 1767 errorem
1185 1723 1285 1766 suum

134 1819 161 1858 rs
171 1791 372 1875 recognovit
395 1795 431 1854 et
454 1791 498 1854 ad
522 1789 640 1854 oscula
663 1791 788 1874 pedum
812 1791 1018 1855 sanctissimi
1042 1792 1150 1875 patris
1176 1790 1374 1854 nostri1330.

172 1901 207 1944 se
230 1879 410 1944 humiliter
432 1880 627 1963 prostravit,
652 1883 687 1943 et
710 1880 758 1943 sic
789 1880 953 1964 antipapa
983 1884 1105 1964 sponte
1133 1881 1287 1964 peniten-

173 1969 262 2034 ciam
291 1969 398 2033 snbiit
421 1972 457 2033 et
486 1969 638 2031 intravit.
692 1968 829 2033 Penitet
860 1970 967 2033 eciam
999 1975 1081 2033 tnnc
1112 1969 1285 2053 temporis,

173 2059 264 2141 quod
289 2059 357 2122 duo
386 2057 530 2122 fuerunt
553 2057 733 2140 apostolici
764 2061 799 2122 et
823 2059 891 2121 duo
921 2079 1018 2142 reges
1043 2058 1284 2134 Romanorum,

173 2168 316 2231 quorum
342 2147 410 2210 duo
433 2147 500 2210 rite
524 2148 559 2209 et
582 2145 848 2224 racionabiliter,
878 2147 938 2210 alii
960 2169 1040 2212 vero
1071 2149 1205 2211 minus²
1232 2148 1286 2211 de·

135 2265 164 2303 ro
173 2237 245 2300 bite
284 2239 366 2298 sunt
404 2234 516 2299 electi.
579 2235 651 2300 Iste
690 2238 810 2299 contra
847 2236 1063 2300 voluntatem
1105 2235 1286 2320 apostolici

172 2326 317 2390 Romam
347 2324 487 2388 veniens
514 2323 682 2388 kathedra
712 2325 880 2408 presedit,
911 2328 1029 2390 tamen
1058 2326 1094 2387 in
1130 2324 1286 2407 partibus
1298 2333 1374 2387 1328.

175 2413 380 2477 Lambardie
404 2413 465 2476 diu
494 2413 620 2476 morari
644 2433 713 2476 non
744 2414 859 2496 potuit
888 2417 1029 2497 propter
1059 2414 1191 2496 aliquos
1221 2412 1287 2476 sibi

175 2521 215 2566 ex
238 2505 336 2585 parte
360 2502 541 2585 apostolici
563 2502 762 2566 resistentes
786 2506 822 2566 et
844 2505 959 2586 partes
979 2502 1137 2566 Almanie
1161 2503 1286 2564 iterum
1299 2513 1375 2564 1330.

176 2591 337 2654 visitavit.
385 2590 476 2654 Item
500 2590 703 2668 I'ridericus,
728 2590 771 2654 de
795 2611 862 2672 quo
886 2592 980 2674 prius
1004 2591 1137 2654 mencio
1167 2589 1288 2652 habita

140 2680 255 2755 asfuit,
279 2682 440 2763 gravatur
464 2679 724 2742 infirmitatibus
747 2700 808 2763 pro
832 2699 938 2762 regno
968 2680 1157 2744 secundum
1188 2697 1287 2741 suum

178 2768 382 2832 desiderium
414 2789 484 2832 non
507 2767 617 2832 valuit
648 2767 803 2831 laborare
834 2771 870 2832 et
892 2767 1092 2831 Ludwicum
1123 2768 1196 2830 sine
1226 2765 1289 2829 sna

176 2859 298 2942 sponte
320 2877 464 2942 regnare
488 2849 675 2941 permisitb;
701 2860 736 2920 et
760 2877 838 2920 cum
860 2857 897 2918 in
918 2877 1023 2940 regno
1040 2857 1203 2940 proficere
1218 2876 1288 2919 non

176 2946 292 3030 potnit
329 2947 402 3030 ipse
442 2945 653 3021 Fridericus,
693 2946 858 3008 ducatum
896 2945 1036 3009 Austrie
1075 2946 1140 3010 sibi
1178 2944 1288 3009 voluit

175 3037 351 3099 reservari.
404 3034 500 3098 Tunc
530 3034 642 3098 minor
671 3035 780 3097 frater
810 3055 891 3098 suus
922 3035 1035 3098 dictus
1066 3033 1150 3099 Otto
1181 3035 1288 3099 eciam

140 3124 330 3188 sedebitam
353 3129 486 3208 partem
510 3124 656 3187 ducatus
680 3124 818 3187 Austrie
843 3128 878 3188 et
901 3123 1004 3188 Stiria
1028 3124 1154 3188 habere
1179 3123 1289 3207 cupie-

176 3213 246 3290 bat,
271 3233 375 3296 quam
404 3213 514 3276 frater
536 3213 649 3275 senior
678 3231 757 3296 sepe
788 3212 900 3277 dictus
930 3213 995 3277 sibi
1024 3213 1160 3276 tradere
1191 3213 1289 3275 dene·

176 3303 293 3386 gabat.
341 3301 424 3366 Otto
449 3322 517 3364 non
541 3301 661 3364 videns
691 3321 727 3365 se
750 3301 915 3385 proficere
944 3302 981 3364 in
1009 3322 1069 3366 sue
1100 3300 1208 3384 partis
1238 3313 1378 3367 err-1328.

176 3392 327 3454 torsione
351 3410 386 3455 sc
410 3391 484 3474 regi
506 3389 681 3474 Ungarie³
711 3390 762 3454 ‘et
791 3391 863 3474 regi
888 3390 1052 3454 Bohemic
1082 3389 1288 3472 subiugavit,
1300 3416 1330 3466 ι),
1339 3418 1372 3460 52,

177 3483 213 3544 et
254 3479 326 3542 illi⁰
367 3499 444 3542 cum
488 3499 613 3562 magna
650 3479 811 3563 potencia
848 3479 1024 3542 Austriam
1061 3479 1288 3552 intraverunt,

140 3572 304 3633 aternam
320 3567 551 3632 Australicam
575 3567 712 3650 penitus
736 3568 963 3631 devastantes.
1004 3567 1080 3631 Hoc
1095 3567 1189 3631 facto
1206 3564 1291 3630 Otto

178 3657 272 3741 prius
296 3657 411 3721 dictus
434 3677 512 3722 cum
536 3677 598 3720 suo
621 3656 729 3720 fratre
760 3656 937 3720 antedicto
968 3655 1198 3732 concordavit,
1230 3657 1291 3720 sed

178 3745 405 3810 Fridericus'
396 3767 432 3809 m
447 3745 576 3810 viribus
600 3744 834 3828 corporalibus
851 3745 1012 3810 deficiens
1028 3745 1088 3810 et
1079 3768 1115 3809 m
1132 3743 1372 3865 potencia133⁰

178 3835 321 3898 militari
345 3838 455 3899 morte
471 3837 523 3899 est
540 3837 724 3919 preventus
739 3854 829 3897 anno
846 3833 987 3898 Domini
1002 3811 1372 3898 ΜΟΟΟΨΧΧΙΧ,1330
1283 3879 1355 3929 ,ΗΜ
1326 3879 1412 3928 ΜΝ),

179 3923 345 3988 Friderici
367 3923 521 4008 regimen
544 3922 663 3988 taliter
685 3923 791 3987 habet
814 3923 927 3988 finem.

140 4044 169 4083 ro
602 4011 655 4075 Sit
678 4010 753 4076 laus
777 4011 867 4076 Deol

178 4167 201 4220 a)
214 4168 279 4208 nlmlr
293 4181 310 4211 c.
364 4169 387 4216 b)
402 4179 442 4218 pro
456 4168 515 4208 mlrtt
527 4167 585 4214 salso
599 4166 722 4216 compendio
734 4167 815 4216 sortus
828 4177 845 4210 c.
900 4165 922 4216 c)
935 4165 996 4206 illum
1010 4178 1027 4210 e.

180 4277 206 4342 l)
226 4275 410 4329 Catus-censam
427 4273 568 4340 Huqomm
594 4273 714 4325 Geraldi.
803 4273 831 4340 2)
850 4269 961 4326 Petrum
978 4273 1010 4324 de
1029 4273 1169 4340 Cervario,
1195 4272 1293 4324 dictum

177 4347 319 4400 Ns'colaum
334 4347 365 4402 V.
437 4347 466 4412 3)
487 4344 590 4398 Korolo
607 4344 727 4399 Rotas-to.
