3236 4850
317 397 370 450 326
453 390 621 448 030ch
633 391 662 448 S.
671 389 788 446 PETRI
800 385 1062 447 uuuouuutsis
1075 388 1164 449 MOD.
1184 391 1220 448 A.
1231 392 1308 449 1304„

230 585 307 640 1304.
424 577 526 639 Anno
550 575 691 640 Domini
713 573 952 639 mosomi*
990 572 1138 652 Quidam
1162 594 1248 658 puer
1270 575 1306 638 in
1330 573 1434 659 parti-

318 665 382 730 bus
398 665 522 730 Hassie
546 666 598 729 est
617 664 860 748 deprehensus.
897 662 974 741 Hic,
999 664 1090 728 sicut
1112 667 1233 748 postea
1255 663 1432 746 cognitum

216 757 380 828 caecet,
405 756 441 818 et
469 753 560 818 sicut
588 753 661 837 ipsc
690 752 822 831 retulit,
847 770 925 816 cum
950 751 1074 816 'trium
1098 759 1187 818 esset
1210 765 1388 828 annorum,
1413 772 1435 815 a

317 842 409 927 lupis
433 845 485 907 est
509 834 651 926 captu-¹>
678 845 715 906 et
743 840 949 905 mirabiliter
972 842 1149 906 educatus.
1194 841 1294 917 Nam,
1319 861 1432 924 quam·

318 950 462 1014 cumque
492 931 634 1015 predam
661 929 735 1014 lupi
759 948 820 1014 pro
844 929 920 995 cibo
943 933 1138 1014 rapuerant,
1163 949 1296 1014 semper
1319 929 1469 994 melio-s

317 1039 388 1085 rem
412 1023 545 1104 purtem
569 1021 744 1084 sumentes
767 1023 803 1084 at
819 1018 933 1083 arbori
955 1019 1280 1084 circumcucientes⁰
1299 1018 1365 1102 ipsi
1389 1018 1433 1082 ad

318 1109 508 1172 vorandum
531 1107 743 1173 tribuebant.
789 1107 955 1191 Tempore
978 1127 1059 1173 vero
1089 1108 1212 1173 hiemis
1235 1110 1271 1172 et
1292 1107 1433 1192 frigoris

317 1197 452 1262 foveam
482 1197 660 1273 facientes,
690 1197 777 1261 folia
806 1196 966 1261 arborum
997 1199 1032 1261 et
1062 1196 1147 1260 alias
1176 1196 1299 1262 herbas
1329 1196 1433 1280 impo-

317 1288 448 1364 nentes,
472 1305 615 1370 puerum
640 1285 927 1370 superponebant,
952 1287 988 1349 et
1003 1305 1038 1351 se
1055 1285 1360 1370 circumponentes,
1385 1286 1433 1349 sic

318 1395 396 1439 eum
426 1395 447 1440 a
475 1375 604 1458 frigore
634 1374 885 1451 defendebant;
920 1375 1032 1458 ipsum
1063 1375 1172 1439 eciam
1205 1374 1364 1438 manibus
1398 1377 1434 1438 et
1445 1395 1473 1435 ro

318 1463 463 1547 pedibus
486 1483 605 1547 repere
622 1463 792 1546 cogebant
816 1465 851 1528 et
866 1481 982 1528 secum
998 1479 1134 1528 currere
1149 1463 1292 1540 tamdiu,
1317 1457 1430 1546 quodtl

318 1573 359 1616 ex
386 1569 450 1616 usu
481 1572 597 1617 eorum
628 1552 847 1616 velocitatem
876 1551 1081 1617 imitabatur
1110 1556 1146 1617 et
1175 1551 1304 1616 saltus⁰
1331 1551 1434 1614 maxi·

318 1661 391 1705 mos
428 1640 590 1706 faciebat.
643 1640 712 1706 Hic
751 1641 983 1724 deprehensus
1020 1639 1124 1725 lignis
1163 1633 1431 1724 circumligatisf

318 1733 452 1794 erectus
475 1730 525 1794 ire
549 1729 593 1794 ad
616 1730 803 1793 humanam
823 1729 1085 1794 similitudinem
1101 1729 1299 1814 cogebatur.
1333 1728 1434 1794 Idem

317 1837 398 1883 vero
421 1838 507 1902 puer
529 1819 643 1902 sepius
667 1817 805 1882 dicebat
827 1837 863 1883 se
887 1819 997 1882 multo
1021 1819 1133 1883 carius
1157 1823 1258 1884 cumss
1278 1817 1379 1902 lupis,
1404 1818 1434 1882 si
1445 1837 1471 1879 rs

317 1907 354 1971 in
385 1927 420 1972 se
451 1911 549 1981 esset,
580 1927 681 1990 quam
713 1927 790 1972 cum
826 1907 1023 1972 hominibus
1054 1907 1197 1992 diligere
1230 1906 1432 1972 conversari.

318 1995 386 2060 Hic
410 2015 496 2079 puer
517 1996 554 2058 in
578 1995 708 2060 curiam
732 1995 889 2060 Heinrici
918 1996 1082 2081 principis
1106 1995 1230 2061 Hassis
1257 2016 1319 2079 pro
1343 2015 1433 2079 spec·

317 2084 435 2149 taculo
459 2088 512 2149 est
535 2077 726 2148 elluini-¹.
1021 2121 1023 2126 ,

478 2185 558 2242 Oron.
577 2186 604 2240 S.
617 2185 699 2241 Petri.
1152 2187 1186 2242 Ε.

195 2239 308 2349 mispha
386 2261 515 2326 Eodem
546 2281 635 2326 anno
659 2261 747 2326 obiit
770 2259 850 2326 Ger·
968 2261 1471 2328 'EodemannoXstKalemso

184 2309 197 2354 (
291 2313 447 2414 *bardus
475 2350 752 2435 archiepiscopus
780 2351 849 2414 Mo·
904 2351 1104 2417 Decembris
1135 2351 1254 2416 audita
1282 2354 1363 2415 sunt
1385 2342 1546 2452 ὴο-ξοξθξθ·

320 2440 493 2523 gontinus,
511 2439 713 2523 duobusque
729 2439 849 2504 electis
903 2441 1029 2518 nitran,
1046 2441 1119 2505 visa
1137 2440 1286 2524 fulgura,
1310 2459 1435 2522 magna
1494 2444 1501 2455 “
1540 2438 1549 2452 ”

319 2547 380 2612 per
418 2528 664 2592 dissensionem
705 2527 850 2613 capituli
902 2532 1090 2614 tempestas
1127 2530 1223 2593 iacta
1260 2531 1313 2594 est
1349 2528 1435 2592 hora

319 2617 445 2700 diuque
487 2617 525 2680 in
563 2617 659 2682 curia
695 2617 851 2681 Romana
903 2635 1130 2702 vesperarum,
1165 2618 1216 2681 ita
1253 2620 1293 2681 ut
1332 2616 1433 2680 multi

318 2705 547 2789 litigantibus,
583 2723 728 2789 quorum
760 2724 850 2769 unus
903 2707 1056 2791 perirent
1078 2707 1112 2770 vi
1135 2707 1361 2791 tempestatis.
1443 2727 1471 2769 es

318 2796 394 2858 erat
446 2794 646 2859 scolasticus
696 2795 849 2859 eiusdem

318 2882 491 2960 ecclesie²,
531 2882 620 2948 alter
665 2883 850 2948 canonicus

319 2971 433 3035 dictus
463 2971 506 3036 de
530 2963 748 3055 spanheim,
776 2974 849 3035 tan·

320 3060 397 3125 dem
444 3060 602 3124 dominus
640 3060 850 3144 apostolicus

194 3127 310 3248 (Nffi
320 3147 459 3214 domino
471 3149 575 3214 Petro
588 3149 770 3214 Basiliensi
783 3149 849 3233 epi-

320 3256 422 3322 scopo
446 3237 595 3302 contulit
612 3238 760 3303 eundem
784 3238 850 3322 epi·

319 3321 532 3410 scopatum¹,
580 3326 700 3392 electis
755 3345 848 3411 spem

319 3414 479 3480 auferens
502 3409 699 3500 litigandih.

231 3537 309 3592 1304.
425 3515 578 3587 uocem*
597 3538 687 3586 anno
712 3521 802 3588 cives
819 3517 1078 3605 Erphordeuses
1101 3543 1205 3586 manu
1228 3521 1344 3586 valida
1366 3522 1437 3586 tria

318 3713 341 3760 a)
354 3712 407 3751 tace
421 3711 484 3760 iusi-u
498 3713 528 3752 ad
541 3712 630 3763 albu,
699 3712 870 3760 mitiorabella
883 3716 999 3764 αανναικν,
1010 3713 1086 3761 posita
1099 3716 1149 3752 aaut
1163 3713 1186 3751 in
1199 3711 1257 3762 Μ,
1271 3713 1308 3752 uri
1322 3715 1476 3758 cumrato&

319 3775 407 3805 numero
426 3767 479 3804 anni
493 3765 624 3808 nocenti.
652 3771 673 3795 Ι·
694 3763 800 3808 181481.
880 3767 902 3812 b)
921 3767 953 3805 sic
967 3765 985 3808 1.
999 3763 1057 3810 Μ,
1071 3765 1097 3808 Β.
1114 3765 1149 3813 Ν,·
1170 3769 1247 3816 raptus
1265 3765 1290 3808 Ε.
1304 3767 1336 3806 Le
1347 3765 1395 3807 ΙΙΙ.
1412 3765 1435 3809 V.

319 3817 340 3867 e)
360 3819 391 3858 sc
409 3796 698 3866 1.E.110111.R.r.ii,·
718 3817 865 3858 urereunas
884 3817 921 3870 a,
943 3819 1131 3859 cinamomum
1149 3817 1182 3862 rb.
1263 3817 1286 3867 d)
1306 3817 1381 3869 quo-c
1401 3817 1435 3862 m.

319 3873 341 3919 c)
354 3871 424 3912 saltos
437 3871 463 3915 Ε,
476 3872 562 3914 ΜΠ.
581 3871 603 3912 V.
671 3871 733 3922 nuic
747 3873 766 3914 1.
780 3872 805 3914 Ε.
822 3871 845 3914 V.
859 3871 914 3922 (Ν),1
935 3871 1101 3923 circumligatum
1114 3871 1172 3916 Μ.
1187 3871 1213 3915 B.
1227 3872 1313 3912 Lem.
1367 3873 1391 3923 ς)
1404 3875 1436 3914 uic

319 3924 378 3968 Μ.
391 3925 417 3969 Ε.
431 3925 516 3968 ΜΗ.
530 3925 556 3968 u.
568 3925 592 3968 V.
602 3925 635 3974 Ni
650 3935 700 3964 cum
714 3925 773 3974 iupis
788 3934 830 3968 om.
844 3927 862 3968 1.
917 3925 940 3974 b)
953 3926 1048 3976 φαείνοι
1062 3927 1132 3965 lineae
1145 3937 1236 3966 vacum
1249 3927 1288 3970 rel.
1302 3928 1321 3970 1.
1375 3927 1392 3975 i)
1404 3927 1436 3967 etc

319 3981 339 4023 1.
356 3977 385 4028 V,-
398 3977 614 4029 arcbiapiscopatum
628 3977 656 4022 R.
669 3977 702 4017 Lr
709 3977 758 4018 111.
774 3977 802 4021 N.
855 3975 944 4030 1)]ιαα
957 3979 1019 4018 sata
1032 3978 1054 4018 E
1066 3979 1129 4027 infra
1142 3980 1172 4018 ad
1186 3991 1207 4022 α.
1220 3979 1280 4022 1306.
1445 3991 1474 4031 40

319 4155 433 4208 liberm
446 4160 491 4220 est,
510 4153 556 4206 sed
567 4155 671 4221 captivo
683 4154 746 4208 obiit
763 4171 790 4210 α.
801 4155 878 4212 mcc.
897 4171 983 4210 ntem
995 4155 1071 4209 Maso
1082 4157 1167 4221 (Aac.
1183 4155 1279 4220 Gauda
1297 4155 1346 4212 SS.
1356 4157 1434 4224 XVI,

316 4242 345 4294 p.
364 4229 439 4288 592).
475 4225 606 4278 Rotmas
630 4239 712 4279 omncs
736 4228 876 4279 masmae
900 4233 937 4279 cst
963 4237 988 4282 α.
1009 4228 1087 4283 1305.
1179 4227 1205 4294 1)
1223 4228 1265 4293 Of.
1288 4243 1379 4280 verace
1404 4229 1436 4280 eis

315 4297 537 4433 pyramum
554 4309 608 4348 non
627 4297 700 4350 lassa
717 4297 800 4350 occos
818 4298 861 4352 Ἦ.
874 4293 989 4351 Aruso’
1003 4298 1027 4363 I,
1043 4317 1071 4366 p.
1085 4299 1137 4355 598
1149 4315 1188 4366 αα.
1269 4299 1298 4367 2)
1315 4299 1435 4354 meso.
