3200 4844
284 363 319 416 'lb
366 358 548 414 ANNALES
565 357 759 414 ERPHORD.
775 358 967 414 FRATRUM
983 357 1323 418 PRAEDIGATORUM.

391 541 539 606 Annales
570 541 825 623 Erplsordenses,
864 562 941 623 arros
978 543 1140 623 liminius,
1179 541 1217 605 in
1250 547 1403 607 conuentu

284 630 549 696 Praedicatorum
563 629 760 710 Erfmdmsi
774 629 965 712 consumma
980 651 1045 696 esse
1054 637 1143 712 patei
1153 631 1174 694 1.
1202 629 1303 695 Multi
1317 631 1404 695 enim

284 725 455 785 oomrrunt
477 719 547 800 loai,
578 719 751 800 quibusda
774 719 887 784 ordine
908 719 1172 785 Praedicatorum
1182 721 1203 798 ²,
1235 721 1273 784 de
1295 739 1403 784 eorum

284 809 377 874 rebus
399 807 436 872 in
456 807 643 890 Tburinqia
664 813 694 871 ei
715 807 895 887 Erfordias
921 807 1019 890 uestis
1045 808 1180 874 relatum
1208 808 1285 874 osi³.
1331 808 1403 873 Hos

282 897 352 977 fere
381 918 487 962 munes
515 896 553 961 in
580 896 719 962 Oroniou
742 897 775 962 S.
793 895 884 961 Petri
905 897 1057 962 moderna
1085 897 1217 962 ornissos
1239 918 1303 962 osse
1327 899 1427 967 boens

284 986 330 1050 K.
350 985 470 1052 Wonab
499 985 630 1065 monuit,
655 992 783 1050 econtra
805 985 905 1050 multa
934 985 971 1050 iu
994 985 1179 1052 Annalibus
1206 993 1235 1052 ei
1262 985 1300 1051 in
1328 985 1401 1052 Uro

284 1075 359 1140 nisa
388 1076 426 1139 de
455 1074 585 1140 eeclesia
611 1075 645 1139 S.
669 1073 805 1139 Mariae
827 1073 1023 1154 Erfordansi
1052 1082 1191 1141 narrata
1220 1097 1295 1156 esse,
1326 1096 1401 1140 non·

284 1164 388 1228 nullos
419 1164 514 1244 locos,
549 1161 663 1244 quibua
692 1165 730 1227 de
759 1164 852 1228 robus
880 1163 977 1228 buius
1005 1163 1153 1229 ambasiae
1181 1165 1317 1230 relatum
1346 1170 1400 1243 esi,

283 1253 383 1317 solum
404 1252 442 1317 in
464 1251 659 1335 Annalibus,
683 1252 765 1316 alios
787 1252 888 1316 solnm
917 1252 955 1316 in
983 1251 1120 1318 Granico
1142 1251 1293 1335 inueniri,
1316 1255 1402 1317 unde

283 1343 324 1407 ab
343 1341 507 1423 utriusque
529 1341 633 1422 opums
655 1340 861 1422 scriptoribus
876 1341 1024 1406 Annales
1046 1365 1068 1406 a
1090 1342 1243 1407 canoniea
1265 1343 1439 1423 quadorum

285 1431 318 1494 S.
343 1429 479 1496 Mariae
513 1430 696 1511 omnpositos
728 1431 908 1512 ersorrffistos,
939 1431 1087 1496 Annales
1109 1430 1350 1511 Ermbordonses
1379 1451 1402 1494 a

282 1519 387 1598 fratre
409 1520 544 1600 qrmdam
567 1518 693 1584 ordinis
714 1518 978 1584 Praedicatorum
1008 1526 1115 1584 auctos
1144 1540 1210 1584 esse
1239 1518 1400 1584 conclusit.

283 1607 338 1671 Ex
360 1607 475 1672 eisdem
490 1607 675 1672 Annalibus
691 1608 725 1673 S.
738 1607 873 1672 Mariae
887 1608 983 1674 eliam
1005 1608 1223 1674 additamenta
1244 1609 1401 1689 quaedam

283 1696 400 1762 codicis
421 1695 487 1760 132
520 1695 676 1763 Croniaoe
705 1696 853 1762 Minoris
885 1697 961 1762 inde
995 1699 1034 1762 ab
1058 1718 1088 1762 a.
1108 1703 1202 1778 1219,
1227 1717 1308 1779 quae
1330 1719 1401 1762 oum

283 1785 359 1850 loeis
394 1785 549 1850 Orouioae
572 1787 606 1850 S.
626 1785 716 1850 Petri
745 1785 912 1850 conuenire
940 1807 1133 1867 monueram,
1159 1786 1305 1866 profecta
1335 1806 1438 1853 essem

283 1873 412 1940 senarii.
471 1875 535 1940 Sed
570 1875 648 1939 irase
686 1873 793 1954 opinio
830 1875 1056 1956 quodammado
1088 1875 1243 1939 ululanda
1275 1873 1401 1938 uidetur

283 1982 357 2026 esse.
393 1962 520 2027 Horum
543 1963 628 2028 enim
650 1962 939 2027 addilamentorum
956 1962 1156 2043 paucissima
1176 1984 1245 2028 enm
1260 1962 1399 2028 Annali·

283 2053 340 2116 bns
361 2050 642 2133 Erpbordensibns
664 2073 764 2132 nequo
786 2052 863 2117 liaeo
884 2051 933 2116 ita
955 2051 1152 2133 conueniunt,
1176 2057 1213 2116 ui
1233 2072 1272 2116 eu
1294 2053 1400 2116 eodem

282 2139 369 2218 fonte
391 2162 430 2204 oo
452 2140 568 2206 balista
591 2162 656 2206 esse
679 2140 800 2206 censeri
823 2146 962 2221 oporteat
970 2141 992 2202 ⁴.
1039 2139 1179 2222 Reliqua
1201 2139 1238 2204 in
1260 2140 1400 2204 Annali-

283 2230 340 2292 bus
361 2228 642 2310 Erpbordensibus
670 2235 727 2294 aui
755 2249 820 2292 non
848 2228 1079 2293 inueniuntur⁵
1101 2235 1158 2294 aut
1180 2228 1274 2294 aliter
1296 2229 1438 2296 relatam

284 2421 311 2487 1)
331 2419 406 2484 Quod
422 2421 446 2475 1.
462 2420 494 2474 F.
511 2421 649 2484 Boebmer,
668 2421 764 2473 Fontes
780 2421 821 2486 ΙΙ,
842 2437 871 2488 p,
885 2429 995 2470 xxm.
1013 2423 1159 2488 perspeeii.
1223 2421 1252 2483 2)
1271 2423 1305 2476 Α.
1320 2423 1399 2476 1237.

282 2491 439 2556 Iordanum,
465 2507 490 2545 a.
512 2495 588 2546 1240.
617 2493 795 2544 Beimundum
817 2494 961 2558 maarstros
987 2493 1092 2544 ordinis
1109 2493 1330 2544 Praediaatmum
1354 2493 1399 2544 de-

281 2562 388 2625 fundos
405 2579 466 2626 esse,
488 2562 551 2613 nnio
568 2563 713 2615 Iohannem
738 2565 895 2628 summisse,
914 2579 939 2617 a.
954 2565 1031 2618 1244.
1050 2563 1096 2616 boo
1110 2565 1279 2630 praesidenti
1295 2565 1400 2631 eapitu-

282 2633 336 2684 lum
354 2633 518 2700 provinciale
535 2633 754 2686 Praedicatmum
777 2637 808 2686 in
832 2635 897 2686 urbe
915 2634 1139 2686 Hiidesbeimensi
1161 2635 1318 2688 oeiebratnm
1336 2650 1398 2700 esse,

281 2720 307 2756 a.
322 2706 399 2759 1248.
419 2705 527 2755 eundem
544 2707 660 2756 comitem
678 2705 764 2769 fnisse
781 2705 920 2757 laedawr'ei
930 2705 982 2757 IX.
1001 2707 1073 2771 roais
1091 2705 1226 2757 Frarseiae
1244 2708 1273 2757 in
1291 2705 1401 2773 expedi-

282 2776 351 2826 tione
375 2791 463 2840 saera,
488 2775 559 2827 inne
582 2791 667 2841 reaem
691 2777 810 2844 capitula
834 2778 956 2841 fratrum
973 2774 1193 2830 Praedicotmum
1218 2784 1243 2828 et
1261 2778 1437 2830 stimma

281 2845 388 2910 adiisse,
407 2852 550 2912 antequam
563 2849 792 2913 proficiscemur,-
817 2863 842 2901 α.
858 2849 934 2902 1250.
953 2847 1066 2899 Erioum
1084 2865 1170 2914 reaem
1188 2849 1277 2912 fratri
1294 2848 1400 2900 ordinis

282 2916 503 2968 Praedicatornm
514 2918 661 2981 confessum
674 2935 734 2984 esse,
753 2925 895 2985 antequam
906 2926 1054 2982 necaretur,
1072 2920 1144 2970 bunc
1155 2935 1240 2986 rnaem
1254 2921 1283 2970 in
1295 2919 1399 2972 eminio

282 2988 501 3040 Praedicatorum
526 2990 657 3056 sepultum
681 3005 750 3051 esse:
775 3006 800 3044 a.
816 2992 892 3045 1252.
912 2989 1057 3042 Iohannem
1076 2991 1236 3056 mouisti-um
1255 2991 1400 3042 Praedica-

282 3064 371 3110 tornm
395 3059 489 3110 obiisse
512 3060 628 3111 relatum
646 3067 691 3114 est.
727 3061 808 3113 Notes
825 3063 913 3126 etiam,
933 3061 1003 3126 qnod
1019 3061 1119 3112 dietum
1137 3067 1182 3127 eet,
1202 3077 1227 3114 a.
1243 3063 1321 3116 1245.
1340 3077 1400 3112 sen·

282 3132 391 3181 tristiam
409 3132 580 3196 imperatoris
597 3131 710 3198 depositi
725 3132 863 3196 fratribus
882 3132 1116 3184 Praedioatoribus
1139 3138 1163 3185 et
1180 3132 1335 3184 Minoribus
1355 3134 1436 3185 dato

281 3201 462 3253 numiandam
486 3204 650 3254 eommr'ssam
672 3219 736 3268 esse,
766 3219 791 3257 a.
812 3205 889 3259 1251.
917 3203 1054 3269 Hnaonem
1082 3203 1256 3270 cardinalem,
1284 3203 1399 3269 aaaron

277 3288 375 3340 papae,
400 3273 485 3336 fuisse
503 3275 619 3338 fratrem
644 3273 750 3325 ordinis
767 3274 996 3329 Praesiioatorum.
1067 3277 1096 3336 3)
1121 3275 1155 3326 Α.
1176 3277 1252 3330 1231.
1278 3280 1301 3326 et
1320 3276 1398 3329 1248.

281 3345 427 3411 capitulum
442 3345 605 3414 provinciale
620 3345 839 3396 Praedsbmorum
855 3345 1007 3409 Erfordiae
1024 3345 1181 3397 celebratum
1200 3361 1260 3411 esse,
1280 3361 1305 3399 a.
1321 3347 1398 3401 1232.

283 3416 454 3468 Gmbordum
472 3417 588 3480 fratrem
611 3417 716 3468 ordinis
733 3416 954 3468 Praedicator-nm
973 3416 1124 3480 Erfordiae
1148 3417 1249 3481 obiisse,
1274 3433 1299 3471 a.
1321 3419 1398 3472 1239.

281 3487 417 3540 Sibabium
444 3489 599 3540 canonicum
623 3487 651 3540 S.
671 3488 780 3540 Hamae
803 3487 981 3552 Erfordenm’s
1006 3505 1033 3540 se
1059 3489 1152 3541 ordini
1177 3488 1435 3540 mammarum

281 3558 433 3624 tradidisse,
459 3575 484 3612 o.
505 3561 583 3615 1238.
605 3559 737 3611 molosiam
762 3559 982 3610 Praedicator-um
1009 3559 1156 3612 minatam
1183 3575 1244 3626 esse,
1273 3575 1299 3613 a.
1320 3561 1398 3614 1248.

280 3629 379 3692 festum
396 3631 569 3682 dediaatimiis
586 3630 668 3681 buius
685 3631 804 3682 omission
821 3633 1023 3697 transpositum,
1042 3631 1127 3683 eodem
1145 3631 1187 3682 die
1211 3631 1300 3682 altare
1317 3629 1399 3697 meod-

281 3700 343 3751 dam
362 3701 391 3750 in
409 3699 459 3751 baa
477 3701 580 3753 molesia
598 3701 746 3752 dulioatum
764 3716 831 3766 esse3
856 3703 974 3757 a.1253.
993 3703 1109 3767 viraines
1134 3701 1169 3752 ad
1194 3701 1298 3764 fratres
1315 3701 1399 3752 Prae·

281 3771 411 3822 dicatores
428 3771 528 3822 velatas
539 3789 599 3826 esse.
627 3772 728 3824 Eodem
746 3788 817 3825 anno
829 3773 956 3824 miraculi
971 3773 1111 3825 meiusdam
1123 3773 1192 3836 faeti
1208 3774 1281 3824 testis
1288 3777 1400 3839 praeter

281 3842 349 3894 alios
357 3841 425 3894 duos
434 3841 511 3893 lector
520 3845 644 3906 fratrum
654 3843 872 3896 &dedicatorum
881 3844 1069 3910 Friberaensis
1077 3845 1201 3909 affertur.
1253 3844 1281 3914 4)
1294 3843 1436 3896 Eudemia

280 3913 365 3965 rulatn
388 3919 450 3966 sunt
474 3915 504 3964 in
529 3915 601 3968 Ann.
620 3913 759 3981 Euphord.
784 3921 808 3966 et
832 3915 1021 3968 additamentis
1045 3916 1099 3970 aod.
1126 3915 1192 3981 Β2,
1222 3914 1269 3970 88.
1288 3913 1397 3980 XXIV,

277 4003 305 4053 p.
321 3985 372 4040 198
384 4001 440 4051 su:
465 3984 501 4035 ad
522 4001 547 4039 a.
563 3987 639 4041 1230.
665 3985 751 4037 obitus
769 3985 875 4048 Sifridi
897 3985 1090 4053 archiepiscopi
1113 3987 1198 4050 occisi,
1225 3985 1261 4035 ad
1278 4003 1304 4040 a.
1319 3987 1397 4040 1285.

280 4055 425 4110 Heinrims
443 4071 489 4108 ree
503 4064 605 4124 eaptus,
623 4055 660 4108 ad
677 4058 791 4112 α.1238.
810 4073 863 4108 nex
875 4057 978 4109 Alberti
991 4059 1142 4125 praepositi
1155 4055 1399 4122 Maadebnraenn's,

279 4125 325 4178 sed
342 4141 374 4176 ne
385 4126 429 4178 bis
446 4127 550 4195 quidem
569 4128 631 4179 iotis
648 4127 727 4178 uerba
744 4129 885 4194 utriusque
903 4129 970 4180 libri
985 4130 1157 4190 consentiunt,
1176 4127 1233 4180 lieet
1251 4128 1337 4180 eadam
1355 4127 1400 4179 die

280 4195 418 4249 Albesium
435 4201 544 4251 occisum
564 4213 617 4250 esse
634 4199 664 4249 in
682 4205 794 4266 utroque
810 4199 925 4251 relatum
943 4201 987 4251 sit.
1069 4201 1095 4266 ὁ)
1117 4198 1211 4252 Moneo
1228 4201 1337 4250 minime
1356 4201 1435 4250 iri-lo

280 4267 368 4318 omini
392 4270 421 4319 in
447 4271 519 4322 Ann.
545 4269 685 4338 Erpbord.
710 4285 778 4335 quoe
807 4271 836 4320 in
856 4270 934 4324 Cron.
958 4271 985 4324 S.
1005 4270 1081 4322 Petri
1103 4275 1127 4320 et
1152 4271 1182 4320 in
1207 4270 1400 4322 additamentis

280 4337 335 4390 aad.
355 4337 412 4393 132
438 4339 562 4404 leauntur
587 4355 613 4394 a.
634 4341 711 4394 1222.
736 4339 767 4391 do
792 4339 920 4392 Heinrioo
946 4340 1101 4393 Minnilsino
1126 4349 1248 4406 cremato,
1274 4357 1299 4395 a.
1321 4341 1398 4396 1224.
