3200 4844
297 443 483 500 CHRONIOI
500 443 738 502 DKKEHARDI
756 443 1019 502 CONTINUATIO
1037 445 1187 502 BRDVIS.
1268 449 1301 503 ‘11

290 623 373 677 Anno
392 624 503 679 Domini
527 599 647 679 lilim.
685 617 848 678 cunraduc
876 641 925 678 rex
950 623 1019 678 obiit
1036 622 1101 678 XV.
1119 622 1183 679 Kal.
1204 623 1303 678 Marcii
1312 633 1340 673 Δ.
1349 633 1371 674 o.
1380 634 1405 674 P.
1414 634 1447 674 er.

183 719 275 764 anno
296 721 333 764 re
385 701 392 715 ⁸
418 702 472 765 sui
495 701 576 776 XV;
610 709 668 766 cui
697 713 852 766 successit
881 711 1036 766 hhidericus
1075 717 1173 766 unctus
1202 712 1388 780 Aquis-asc.

182 783 287 852 grani
365 783 459 841 .Idus
476 782 585 838 Marcii.
622 783 833 837 Emestcomes
852 753 1199 840 obiit1111.1lu.lanu.b
1230 783 1440 838 Her-asna

99 861 298 911 'mmannus
317 871 409 908 comes
427 855 461 910 ds
480 854 683 910 wincenburch
709 858 790 909 'cum
814 871 899 908 uxore
918 871 967 908 sue
984 854 1100 908 interum
1120 859 1164 908 tus
1183 858 1231 911 est.
1267 854 1303 908 In

151 939 164 980 e
181 941 276 980 menso
294 924 422 979 Ianuario
441 943 542 996 magma
559 925 702 980 inundatio
721 943 808 994 aquse
831 925 885 979 fuit
902 925 931 980 in
948 926 1072 995 partibus
1089 872 1169 981 lieni.
1241 925 1301 980 Fri·

181 995 290 1050 doricus
308 1014 358 1050 rex
374 997 451 1051 veuit
470 997 499 1051 in
516 996 715 1066 Erphofurto.

288 1103 372 1156 Anno
390 1103 501 1157 Domini
523 1080 659 1157 nidum.
696 1101 813 1172 Signum
831 1102 989 1171 insoleap
1010 1086 1128 1157 eruisti
1151 1101 1218 1158 VH.
1236 1101 1301 1158 Kal.

179 1171 332 1229 Februarii.
373 1173 523 1228 Heinricus
550 1173 769 1243 archiepiscopus
795 1173 975 1245 Mogontinus
1028 1173 1167 1243 depositus
1195 1179 1244 1242 est,
1275 1179 1302 1228 et

180 1243 324 1298 Arnoldus
342 1245 518 1299 cancellarius
537 1247 648 1300 electus.

145 1369 172 1406 ro
288 1349 372 1404 Anno
390 1351 501 1406 Domini
523 1327 675 1408 nidum.
707 1351 869 1406 Anastasius
887 1369 959 1420 psps
976 1351 1053 1422 obiit,
1072 1368 1122 1420 pro
1135 1367 1190 1418 quo
1203 1351 1300 1404 Adria·

178 1439 238 1478 uus.
276 1419 433 1477 Fridericus
451 1439 500 1476 rex
518 1421 671 1475 inItaliam
683 1439 718 1490 pe
755 1422 775 1475 't
793 1441 856 1478 cum
874 1422 998 1476 exercitu
1017 1439 1048 1476 ec
1067 1422 1203 1491 imperiali
1219 1422 1301 1476 bene·

179 1491 302 1547 dictione
321 1493 489 1571 sublimatus!
501 1493 689 1562 superatisque
708 1439 869 1547 siivlemariis
887 1494 975 1548 vietor
993 1493 1081 1549 rediit.

178 1669 196 1721 d
232 1667 257 1722 B
288 1599 395 1725 Amin
390 1599 503 1654 Domini
524 1577 656 1656 thLVI.
687 1598 1134 1654 Ehidericusrexduxituxorem
1146 1598 1302 1654 Beahicem
1312 1608 1385 1658 usq,

198 1686 213 1723 e
257 1688 347 1742 urgan
396 1716 402 1726 .

142 1795 169 1833 rs
288 1777 373 1830 Anno
391 1777 502 1832 Domini
524 1753 673 1834 uilium
711 1776 879 1831 Coloniensis
905 1776 1122 1846 archiepiscopus
1147 1776 1301 1832 Friderieus

177 1847 317 1902 destruxit
333 1847 526 1904 Rendenrode.

287 1956 371 2008 Anno
389 1954 500 2009 Domini
522 1931 685 2010 cidnum.
716 1953 871 2008 Fridericus
889 1954 1039 2024 imperator
1056 1954 1085 2008 in
1104 1953 1301 2009 manuvalide

176 2024 291 2080 Italiam
311 2026 387 2094 saliit,
405 2025 626 2080 Mediolanenses
644 2026 697 2080 sibi
714 2025 831 2080 rebelles
850 2025 1014 2095 subiugavit.

90 2149 167 2200 ’μη
288 2133 372 2186 Anno
390 2132 502 2186 Domini
523 2109 640 2188 rhdnx.
688 2120 864 2184 Arnoldus
886 2131 1104 2201 archiepiscopus
1122 2131 1301 2203 Mogontinus

140 2219 194 2260 soa
213 2203 320 2257 civibus
339 2203 394 2256 suis
412 2203 514 2257 occisus
532 2209 581 2258 est.

286 2309 370 2363 Anno
388 2309 499 2363 Domini
522 2286 671 2364 sirium
707 2307 896 2362 Mediolsnum
910 2314 1020 2378 captum
1034 2313 1075 2362 est
1087 2309 1122 2364 sb
1134 2309 1300 2378 imperatore

175 2377 320 2434 Friderico
339 2387 368 2434 et
385 2380 562 2435 destructum.
600 2379 699 2434 Fames
717 2379 860 2449 prevalide
878 2379 951 2434 facte
969 2385 1011 2434 est
1029 2380 1126 2435 eodem
1145 2397 1224 2436 suno.

287 2487 371 2540 Anno
389 2487 502 2540 Domini
524 2463 689 2542 ihdnxffl.
732 2485 878 2540 Excidium
905 2485 1087 2557 Mogontiaco
1128 2486 1232 2541 sactum
1260 2491 1302 2542 est

177 2559 212 2612 sb
231 2557 400 2626 imperatore
424 2557 573 2612 Friderico.
610 2557 733 2612 Heretiei
758 2557 894 2611 combusti
918 2563 981 2612 sunt
1005 2555 1143 2626 Coloniae,
1169 2558 1301 2627 equibus

141 2645 232 2686 etune
251 2628 353 2683 mulier
370 2647 399 2684 se
417 2629 494 2683 dedit
512 2627 676 2698 precipitem
695 2629 723 2682 iu
742 2629 834 2698 ignem
852 2627 929 2682 nullo
949 2633 1082 2699 cogentes

88 2753 168 2804 ’,Α
228 2735 385 2861 tilium
403 2735 514 2790 Domini
535 2711 717 2790 nidum.
753 2733 875 2804 Corpora
893 2735 977 2788 trium
1000 2751 1144 2806 magorum
1169 2736 1301 2789 translate

176 2823 227 2860 sun
283 2823 412 2862 comam.

286 2913 371 2967 Anno
389 2913 500 2968 Domini
522 2889 666 2968 rhduxv.
704 2911 792 2966 Natus
811 2916 852 2965 est
869 2929 939 2981 puer
950 2911 1106 2980 Heinricus,
1124 2911 1197 2966 filius
1215 2913 1300 2982 impe·

175 2984 276 3038 ratoris
294 2983 435 3040 Friderici.

140 3109 167 3148 ω
284 3091 370 3144 Anno
387 3090 499 3145 nomini
521 3066 680 3146 hduxvr.
723 3087 811 3160 rece
842 3093 884 3142 est
914 3089 1057 3142 emaum
1089 3090 1174 3143 sance
1202 3089 1300 3145 Karou

174 3179 351 3250 imperatoris
374 3167 463 3232 feria
484 3167 592 3231 HII.1
629 3183 693 3248 post
711 3176 823 3233 nuteler
845 3177 964 3234 Domini.
1000 3177 1107 3232 Eodem
1134 3195 1205 3232 suno
1228 3178 1300 3234 facts

175 3255 217 3305 est
234 3250 375 3320 expeditio
392 3267 474 3321 super
491 3249 638 3305 Romanos.

284 3357 369 3410 Anno
388 3355 499 3410 Domini
521 3334 698 3412 DOLXVII.
745 3354 836 3409 Occisi
862 3359 926 3408 sunt
952 3353 1141 3424 Romanorum
1168 3354 1197 3408 X
1223 3355 1299 3409 milia

175 3427 248 3484 ΠΠ.
267 3427 333 3482 Kal
351 3425 435 3494 Iunii,
462 3433 490 3482 et
514 3428 602 3498 pridie
621 3425 761 3510 Kalendas
780 3425 900 3496 Augusti
917 3425 1067 3508 imperator
1085 3423 1203 3508 Domum
1221 3431 1300 3494 potc-

140 3500 524 3624 ”hilum-lit
543 3495 1300 3638 llllhlt¹ltrstnltlgllt¹tt⁰lfll⁰⁰lhl

175 3641 317 3712 aliique
335 3641 429 3710 plures
447 3641 476 3694 iu
495 3587 617 3696 eadlim
634 3587 809 3710 Expeditione
827 3639 929 3694 mortui
948 3642 1018 3698 sunt.
1291 3611 1300 3639 ’

283 3747 368 3800 enno
386 3747 498 3801 nomm
510 3724 718 3802 hdnxvmr.
742 3743 1006 3801 summosses
1018 3743 1189 3814 Septembris
1201 3751 1300 3801 mous

174 3823 216 3873 est
233 3817 309 3872 filius
327 3817 500 3887 imperatoris
518 3818 652 3874 Friderici
670 3819 698 3871 in
716 3834 811 3888 regem
829 3815 977 3871 Heinricus
994 3817 1106 3870 nomine
1122 3816 1298 3889 Aquisgraui.

138 3961 196 4012 ωε)
209 3961 311 4004 Ouum.
358 3959 382 4012 h)
397 3961 523 4006 Issusrlllt,
570 3961 591 4012 e)
605 3959 677 4011 Erph'
688 3959 901 4012 1.²;Erphcrdlam
910 3961 930 4002 Β.
983 3956 1007 4010 d)
1021 3959 1113 4009 mogoni
1122 3961 1140 4002 1.
1150 3960 1171 4000 ἱ.
1218 3963 1239 4010 e)
1252 3972 1299 4001 mo·

172 4015 262 4066 fleuit.
276 4015 297 4055 8.
353 4015 426 4064 nnat
440 4017 460 4054 1.
475 4015 499 4066 Ως
512 4017 651 4056 munitatae
666 4015 686 4058 s.
743 4013 769 4066 g)
782 4013 912 4054 relnnoldus
926 4013 947 4053 Ξ.

174 4142 200 4208 1)
220 4139 255 4192 ln
274 4141 348 4191 Aen.
367 4141 532 4206 Aqscmsium
550 4137 700 4205 compleri
711 4139 866 4206 posteriore,
886 4135 934 4192 SS.
947 4135 1058 4203 XXIV,
1069 4153 1098 4204 p.
1112 4139 1156 4204 38,
1176 4137 1223 4190 too
1240 4155 1298 4190 mu·

173 4219 261 4264 aarum
279 4211 387 4262 ridetur
405 4225 466 4264 esee.
503 4209 577 4261 Nom
601 4213 658 4264 dise
683 4209 743 4263 Dec.
756 4209 801 4276 29,
827 4223 879 4275 quo
897 4208 999 4261 Kuroli
1015 4208 1053 4262 M.
1074 4223 1134 4259 osso
1159 4211 1294 4262 translato

170 4289 243 4350 unt,
263 4283 323 4347 fuit
340 4298 366 4335 a.
382 4283 459 4336 1165.
479 4280 552 4343 suia
570 4287 678 4348 meone.
