3186 4844
300 396 353 452 loo
441 392 609 450 CRONICA
627 393 654 449 S.
669 392 784 448 PETRI
801 392 1064 448 ERFORDENSIS
1082 393 1279 450 MODERNA.

299 576 429 640 mutatis
457 576 620 648 mutandis
648 597 759 641 recuso
790 577 864 658 esu,
894 575 983 642 cuiue
1012 576 1049 641 iu
1078 582 1162 641 textu
1184 576 1253 656 fere
1282 597 1320 641 ea
1349 584 1419 642 tan-

300 671 364 732 tum
393 664 526 746 mutari,
557 687 637 748 quae
662 665 730 730 iam
759 665 842 731 inter
865 666 1025 731 Audendo
1047 672 1077 731 et
1104 665 1301 748 Cormpenda
1330 664 1419 731 iilius

299 752 375 818 tomi
397 755 631 832 adnotaveram,
656 753 693 818 in
721 753 781 820 tao
810 775 883 820 vero
907 753 1112 836 praefatione
1134 760 1163 819 et
1184 753 1222 820 e'n
1244 755 1418 820 adnotatio

300 841 394 908 nibus
417 849 445 908 et
467 841 505 907 in
526 849 687 925 apparatu
710 842 818 909 uitreo
841 845 998 926 quaedam
1020 842 1134 909 oruiidi
1163 844 1210 908 oei
1232 843 1331 908 deleri
1353 865 1418 908 rnn-

300 931 424 1013 taoique
446 953 485 997 ae
507 933 662 998 carroff.
1428 955 1446 994 e

405 1020 601 1085 Berolr'ni
629 1043 659 1086 a.
683 1021 714 1085 d.
740 1021 815 1085 ΙΙΙ.
841 1021 919 1086 Kal.
943 1021 1106 1087 Decembr.
1131 1043 1161 1085 a.
1189 1027 1282 1085 1895.

629 1131 656 1176 a.
684 1111 714 1174 d.
752 1110 810 1175 VI.
840 1110 918 1175 Kal.
943 1111 1102 1175 Februar.
1131 1133 1161 1176 o.
1188 1116 1283 1174 1897.

979 1199 1016 1264 Ο.
1040 1199 1363 1282 Holder-Epper.

590 1477 814 1554 CRONICA
840 1478 1126 1554 MODERNAs.

388 1602 666 1669 INDICULUS
690 1601 927 1668 ORDINUM
943 1601 1328 1668 RELIGIOSORUM.
1430 1623 1460 1662 ro

145 1717 289 1766 inuenies.
407 1704 502 1774 Pape³
521 1705 642 1759 decrevit
660 1705 688 1757 in
707 1703 843 1758 concilioh
868 1704 902 1758 de
921 1705 1061 1758 ordinibus
1080 1704 1298 1758 mendicancium
1317 1709 1345 1756 et
1362 1721 1419 1757 non

300 1776 520 1830 meudicsncium
550 1775 710 1844 ordinem,
738 1779 820 1844 prout
848 1776 1000 1828 animarum
1028 1775 1108 1828 saluti
1136 1781 1164 1828 et
1191 1791 1285 1830 eorum
1312 1773 1415 1827 statui(1

299 1847 399 1902 viderit
418 1847 554 1916 expedire.
591 1845 635 1900 nt
653 1847 737 1914 quia
755 1846 906 1916 Gregorius
924 1856 1015 1916 papae
1038 1862 1108 1900 non
1127 1847 1291 1914 approbatos
1310 1845 1419 1899 ordines

300 1941 465 2003 revocat,
489 1924 571 1988 licet
595 1924 697 1988 ruodo
720 1943 856 2008 ponere,
880 1924 1005 2048 fluibus
1028 1923 1241 2007 temporibus
1264 1923 1419 2007 ceperint

301 2015 336 2076 in
361 2012 505 2078 ecclesie
529 2013 711 2096 approbati
734 2013 871 2077 ordines
920 2017 955 2076 et
979 2012 1182 2076 confirmati.
1430 2031 1459 2070 m

406 2101 522 2164 Anno*
544 2108 584 2164 ab
614 2109 831 2165 incarnacione
856 2109 981 2164 Domini
1008 2107 1122 2164 XXXI.
1147 2107 1227 2164 111ss
1248 2106 1318 2164 Kal.
1343 2107 1419 2163 Maii

300 2197 400 2272 primo
422 2198 505 2270 cepit
528 2195 671 2253 Christus
695 2197 841 2254 dominus
865 2198 898 2252 in
922 2195 1143 2270 Capharnanm
1166 2195 1334 2272 predicare.

408 2287 501 2342 Anno
524 2285 563 2342 ab
587 2285 805 2343 incarnacione
823 2285 938 2342 XXXI.
963 2271 1167 2342 coruscanteh
1188 2284 1303 2342 Christi
1327 2301 1420 2341 evan·

301 2375 381 2450 gelio
398 2375 480 2449 cepit
495 2375 561 2432 vita
584 2379 616 2431 et
634 2375 837 2433 observancia
856 2375 1069 2448 apostolorum
1092 2375 1180 2431 iuxta
1195 2373 1419 2449 perfectionem

302 2463 515 2538 evangelicam
538 2465 571 2520 in
595 2463 723 2520 Galilee.
1430 2477 1458 2515 uo

408 2545 523 2609 Anno⁵
545 2553 671 2609 Domini
695 2551 779 2610 CCL.
804 2552 887 2627 cepit
917 2552 1110 2608 monasticus
1138 2551 1213 2608 ordo
1236 2551 1276 2607 ab
1300 2551 1419 2607 Antho-

301 2642 353 2698 nio
383 2641 537 2699 monacho
568 2645 599 2697 et
628 2641 743 2698 abbate
772 2642 806 2697 in
828 2640 976 2709 Tebaida,
1002 2645 1034 2697 et
1061 2646 1137 2697 tunc
1163 2640 1275 2698 beatus
1298 2639 1419 2697 Paulus

301 2731 421 2805 primus
445 2729 598 2787 heremita
621 2730 733 2788 claruit
755 2730 872 2787 ibidem
896 2729 1050 2804 multique
1074 2730 1156 2786 servi
1178 2729 1245 2786 Dei.

410 2811 516 2876 ‘Anno
532 2819 656 2875 Domini
674 2817 845 2876 CCCLXX.
871 2836 925 2893 per
940 2819 1114 2875 Damasum
1137 2835 1253 2892 papam
1276 2821 1308 2874 et
1331 2825 1530 2874 sanc-‘awr-

301 2911 371 2964 tum
405 2895 612 2964 Ieronimum¹
652 2912 684 2964 et
717 2895 945 2964 Ambrosiumk
981 2907 1063 2981 cepit
1098 2907 1240 2964 divinum
1279 2906 1457 2964 officiumne

301 2983 438 3052 cantari¹
468 2997 502 3052 in
525 2996 672 3054 ecclesiis.

408 3085 501 3141 Anno
517 3085 672 3142 Dominim
689 3083 890 3143 CCCCXXX.
916 3086 999 3158 cepit
1017 3085 1093 3142 ordo
1116 3084 1306 3159 regularium
1329 3100 1419 3141 cano-

302 3173 444 3230 nicorum
473 3177 506 3230 et
535 3174 626 3230 lectio
656 3175 689 3230 in
712 3191 823 3232 mensa
850 3191 869 3231 a
893 3175 984 3230 beato
1008 3167 1209 3248 Augustino⁶
1231 3174 1264 3230 in
1287 3173 1420 3230 ecclesia

302 3261 464 3338 Yponensi
487 3263 520 3319 in
544 3263 705 3336 Hispania.

302 3433 324 3478 ι)
344 3431 375 3468 stc
395 3431 416 3472 h.
430 3431 444 3471 l.
464 3431 501 3477 1·;
521 3429 586 3473 Cron.
607 3430 664 3471 mod.
686 3431 749 3478 nr'pro
768 3434 848 3472 arrum.
869 3431 930 3476 infra
950 3433 998 3468 onte
1017 3429 1081 3468 Anno
1098 3429 1127 3468 ab
1146 3431 1188 3471 inc.
1207 3431 1234 3470 1).
1249 3429 1326 3468 XXXI.
1344 3439 1386 3470 scr,
1401 3423 1460 3470 1.8⁰

303 3484 325 3532 b)
346 3483 371 3523 in
384 3495 445 3524 cunc.
459 3495 500 3525 om.
515 3485 532 3525 1.
601 3485 621 3530 c)
642 3481 720 3523 ordine
736 3485 767 3525 1⁸.
835 3483 858 3529 d)
879 3487 938 3523 natu
953 3485 985 3525 1·.
1053 3485 1074 3530 e)
1095 3494 1154 3532 papa
1168 3483 1206 3526 (tr,
1222 3485 1240 3524 l.
1308 3483 1326 3529 f)
1345 3493 1386 3524 oni.
1402 3485 1420 3524 1.

302 3539 327 3586 u)
340 3537 363 3576 in
377 3537 485 3576 {aaronem
498 3537 560 3584 infra
574 3538 651 3576 eninm.
712 3537 735 3586 h)
749 3537 848 3580 chemae.
864 3539 894 3580 1‘.
953 3537 968 3585 i]
983 3537 1073 3578 Hieron.
1087 3537 1118 3579 1⁸.
1179 3537 1203 3586 k)
1217 3543 1241 3576 et
1254 3535 1330 3578 Ambr.
1345 3547 1386 3578 om.
1401 3538 1421 3578 1.

303 3591 318 3639 l)
333 3588 447 3630 decantari
460 3593 480 3633 1.
536 3591 668 3642 m)orn.1*.

304 3733 331 3798 1)
353 3732 437 3784 Cuius
455 3734 520 3784 torni
532 3735 701 3800 popinarum
719 3734 826 3785 numeri
842 3734 873 3784 r'n
891 3733 1013 3797 murpine
1031 3731 1163 3799 adsuipn·
1178 3737 1249 3786 mni.
1306 3734 1335 3797 2)
1352 3731 1421 3783 Cum

303 3818 356 3855 uon
375 3802 494 3854 induam·
506 3806 633 3869 potnerit,
653 3820 718 3870 quoe
737 3805 804 3856 locor
825 3803 925 3870 reliqui
941 3805 1083 3871 scriptores
1102 3809 1214 3870 praeter
1231 3803 1260 3854 Ε
1276 3805 1457 3870 erouipoe-se

302 3877 369 3938 rim,
396 3889 472 3940 saepe
496 3875 624 3927 canciani
642 3882 753 3942 praem
777 3877 883 3926 variam
909 3875 1040 3927 lediomm
1065 3875 1114 3942 qni
1137 3875 1269 3927 unionem
1291 3881 1419 3940 receptam

301 3945 453 4014 prumam,
470 3948 618 4012 praemisso
635 3945 680 4000 eiu.
771 3945 798 4014 3)
817 3945 880 4000 Su'l.
901 3947 1050 4012 Grepcrius
1067 3946 1103 4000 X.
1128 3947 1159 3998 in
1182 3933 1292 3998 manilio
1309 3945 1420 4011 uam

302 4018 381 4070 nenti
397 4032 422 4068 o.
438 4017 514 4071 1274.
575 4019 603 4084 4)
625 4017 775 4084 sequentem
793 4017 941 4083 outampum
959 4019 1084 4070 ordinum
1103 4019 1253 4084 meunpeit,
1273 4016 1420 4083 ampliauit,

303 4090 414 4140 mutam
433 4087 561 4139 Nioolous
586 4089 617 4140 de
637 4089 723 4154 Sapen
747 4089 785 4142 ed.
807 4089 903 4154 Wepele
923 4107 951 4156 p.
972 4091 1135 4144 uto-253.
1172 4089 1267 4141 Alium
1291 4103 1349 4138 urm
1375 4087 1423 4140 hoc

298 4159 454 4226 plerumque
471 4161 659 4212 unumunurn
677 4161 756 4224 infra
777 4167 838 4226 poet
857 4159 936 4214 Cron.
957 4160 1089 4212 Minorem
1106 4159 1185 4213 αὶίάἐ.
1270 4161 1297 4226 ὁ)
1315 4159 1357 4210 Ab
1375 4158 1459 4210 houm

303 4245 376 4282 anno
393 4229 461 4280 Mem
479 4229 620 4296 indiculus,
644 4233 692 4298 qni
707 4232 754 4284 irco
772 4231 826 4284 loco
844 4233 993 4299 suscriptum
1012 4237 1056 4294 est,
1082 4229 1218 4282 actionus
1235 4235 1272 4282 eet
1291 4232 1319 4282 in
1337 4229 1422 4281 Libro

302 4315 375 4354 eron
394 4300 522 4365 Erfurd„
547 4301 682 4355 ‘Zeitscirm
705 4302 731 4356 d,
749 4301 778 4355 V.
802 4302 825 4365 s.
848 4301 984 4368 Thurina.
1010 4303 1098 4355 Ceam.
1125 4302 1161 4356 N.
1180 4301 1222 4353 F!
1248 4301 1299 4364 IV,
1320 4319 1350 4368 p.
1368 4303 1420 4355 247

304 4372 404 4426 -249,
423 4378 446 4422 et
464 4371 550 4434 infru.
623 4373 650 4438 6)
672 4373 715 4436 Cf.
736 4373 815 4426 Cron.
834 4373 927 4425 Minor
944 4390 970 4427 a.
982 4375 1035 4428 487
1054 4373 1168 4438 (infra).
