3186 4844
323 335 491 392 ORONIGA
510 337 538 394 S.
551 335 668 392 PETRI
684 335 946 392 ERFORDENSIS
963 336 1161 394 MODERNA.
1252 342 1303 396 110

184 518 283 584 nachi
305 518 468 600 utriusque
491 519 631 585 coenobii
654 518 750 585 libros
771 541 845 584 eccos
866 519 951 585 iuter
972 541 1005 584 se
1028 521 1301 603 commearent,

182 614 219 672 ut
246 607 370 673 incolae
392 609 517 674 Montis
540 609 575 674 S.
595 608 685 674 Petri
713 609 813 673 oculta
842 629 880 674 eu
909 608 1002 673 libris
1023 609 1302 676 Reinharclsbrun-

182 696 337 761 nensibus
359 697 576 778 easmiberent,
599 697 747 762 monaehi
762 697 1142 763 Reinharclsbrnunenses
1157 698 1302 780 plurim

182 787 223 850 ab
247 785 502 865 Euforelensibus
524 791 754 852 mutuarentur.
802 787 965 852 Summam
986 786 1079 867 quasi
1105 792 1134 852 et
1155 787 1302 852 collectio-

1 887 2 948 Ῑ
152 895 255 940 suem
276 873 485 939 historiarum
507 874 544 939 in
565 881 695 956 utroque
716 874 907 940 munasterio
937 874 1185 957 corssenptarum
1208 897 1302 958 prae·

1 975 2 1051 t
182 965 255 1028 beat
282 963 420 1029 Orontea
444 965 477 1029 S.
499 963 590 1028 Petri
618 965 772 1029 moderna
801 969 829 1028 et
862 963 1001 1030 Orontea
1023 963 1302 1030 Reinhardsbruu·

1 1054 2 1119 l
181 1051 302 1117 nensis.
800 1085 806 1098 ·

298 1141 340 1208 Ut
354 1141 501 1206 monachi
516 1141 641 1206 Montis
657 1142 692 1206 S.
705 1140 795 1206 Petri
817 1162 868 1206 res
881 1147 985 1223 qestas
1007 1141 1187 1224 scriberent,
1207 1141 1302 1206 Lorn-

174 1230 264 1311 perti
290 1230 475 1295 Annalibus
503 1230 540 1295 in
569 1230 626 1295 hoe
654 1229 880 1295 monasterium
909 1229 1019 1295 allatis
1043 1229 1153 1312 prima
1182 1230 1302 1295 occasio

144 1348 171 1386 ιο
180 1321 260 1383 data
282 1325 337 1384 est.
371 1319 459 1384 Nara
483 1341 553 1384 curu
569 1319 741 1385 monachus
756 1318 886 1400 quidam
902 1319 936 1383 S.
949 1318 1040 1384 Petri
1057 1340 1137 1384 saec.
1153 1318 1242 1384 XII.
1254 1319 1300 1384 in.

179 1413 329 1489 excerpta
362 1407 531 1472 annalium
560 1407 724 1490 Lamperti
757 1412 990 1471 1038-1077.
1025 1407 1061 1473 in
1095 1407 1211 1488 codiee,
1246 1408 1301 1489 qui-

179 1495 328 1560 nuncin
351 1496 534 1562 bibliotheca
557 1495 854 1576 Pommersfelslensl
882 1495 1094 1561 illustrissimi
1120 1495 1241 1567 cernitis
1264 1499 1301 1562 ele

181 1584 625 1651 Schoenborn·Wieseutheicl
644 1586 818 1666 seroatnr1,
843 1583 1064 1666 desarpshset,
1095 1584 1141 1650 cis
1167 1585 1302 1650 annales

184 1680 421 1738 1078-1163.
445 1674 613 1756 permultis
643 1673 807 1763 matous
823 1673 1048 1740 monachorum
1080 1675 1114 1739 S.
1139 1673 1229 1738 Petri
1260 1675 1300 1740 ab

146 1761 311 1830 rsirreunte
342 1783 422 1828 saec.
448 1763 538 1827 XII.
569 1782 665 1843 usqne
698 1764 743 1827 acl
773 1783 802 1826 a.
831 1769 926 1826 1163.
958 1762 1076 1828 substiti
1104 1769 1190 1844 sunt,
1224 1785 1301 1844 quos

181 1852 330 1916 Annales
361 1853 394 1917 S.
422 1852 512 1916 Petri
543 1851 747 1933 Erphesfurt.
777 1850 925 1932 autiquae
957 1851 1145 1918 oocaoimns.
1191 1851 1233 1916 B.
1258 1873 1299 1916 m.

189 1940 240 2004 W.
257 1941 296 2005 cle
316 1939 534 2006 Giesehrecht²
557 1939 682 2022 periclem
704 1939 822 2021 aliique
845 1961 914 2004 erun
936 1939 1054 2006 secuti³
1076 1943 1301 2006 contenderunt

182 2029 238 2094 hos
261 2029 397 2094 annates
419 2051 457 2094 er
484 2028 623 2094 (ironica
651 2031 803 2094 nolana
825 2035 982 2110 erecrptos
1008 2049 1081 2110 esse,
1105 2029 1298 2110 manantes,

181 2120 310 2199 quaudo
326 2119 403 2182 haec
422 2117 560 2184 Granico
576 2116 753 2198 conscripta
767 2117 828 2196 sit,·
850 2119 906 2181 sccl
926 2117 983 2182 hoc
1003 2117 1214 2196 falsissimum
1235 2139 1300 2183 esse

145 2236 173 2274 cc
182 2206 249 2270 iam
265 2207 400 2271 censebit
413 2207 596 2288 quicumque
610 2206 646 2270 in
661 2205 832 2288 imaqincm
843 2204 917 2285 folii
929 2205 1039 2270 horum
1051 2205 1219 2271 annalium
1231 2213 1300 2272 arte

175 2295 380 2377 phototppica
391 2295 540 2376 effectam,
555 2295 752 2376 Scriptorum
762 2301 842 2358 tomo
852 2294 888 2358 X
890 2293 924 2358 X
927 2293 971 2358 Χ.
981 2294 1134 2360 insertam
1147 2293 1167 2374 (
1168 2295 1244 2360 Tab.
1250 2295 1298 2378 I),

181 2385 288 2448 auctos
310 2383 526 2449 conuerterit⁴.
572 2384 700 2448 Hermu
728 2383 897 2448 annalium
925 2383 1068 2448 naalma
1089 2404 1172 2465 pars
1198 2389 1299 2449 trans-

179 2472 302 2554 scripta
331 2479 377 2537 est
405 2473 441 2537 in
471 2473 574 2538 codiee
603 2471 734 2554 antiquo
757 2470 882 2537 Montis
905 2473 939 2538 S.
956 2472 1046 2536 Petri
1071 2471 1210 2553 iuteqros
1232 2474 1299 2537 An·

181 2562 272 2626 noles
295 2561 462 2642 Lamperti
484 2561 667 2642 continente,
698 2566 733 2626 ut
759 2559 809 2625 his
831 2560 1026 2626 coutiuuatio
1049 2561 1298 2642 subiuuqeretnr,

144 2671 219 2715 isac
242 2649 353 2732 priona
382 2649 507 2731 quictem
534 2671 632 2730 usque
661 2650 705 2713 aa
732 2671 763 2714 a.
786 2655 880 2713 1153.
927 2650 1016 2714 Nam
1045 2649 1131 2714 circa
1153 2671 1184 2713 a.
1204 2655 1298 2713 1155.

179 2759 220 2804 ee
241 2739 300 2803 hoc
314 2738 418 2803 cortice
432 2739 579 2803 Annales
593 2737 759 2819 Lamperti
781 2759 850 2803 cum
872 2738 932 2803 hac
954 2737 1189 2804 continuatione
1202 2759 1300 2820 usqne

65 2829 225 2898 uacua
247 2833 393 2908 a.1153,
418 2827 531 2892 addita
553 2833 628 2892 uota
651 2827 816 2906 a.1154⁵,
841 2826 990 2908 descripti
1013 2829 1101 2892 'sunt
1127 2827 1164 2892 iu
1186 2827 1298 2907 coine,

179 2915 236 2997 qui
251 2915 362 2998 periit,
387 2915 476 2981 cuius
502 2917 662 2998 exemplar
683 2936 764 2981 saec.
783 2915 884 2982 XVI.
901 2915 947 2981 in.
970 2916 1090 2995 factum
1119 2916 1267 2982 habemus
1276 2917 1298 2979 ⁶.

180 3077 209 3122 ut
227 3087 241 3124 e
258 3073 320 3122 Vita
340 3071 496 3123 Willihclmi
519 3071 623 3123 abbatis
640 3072 773 3136 Hirsauq.
795 3087 815 3126 c.
833 3074 881 3135 22,
904 3071 953 3125 SS.
972 3071 1044 3134 XII,
1066 3090 1093 3140 p.
1113 3075 1178 3136 218,
1203 3073 1300 3124 elucere

143 3143 293 3208 nudaur,
320 3145 391 3195 iuter
410 3159 435 3198 a.
449 3145 526 3198 1087.
546 3148 568 3194 ct
588 3144 664 3197 1089.
686 3142 829 3194 Ge'selbmto
847 3143 1051 3208 Hirsauqieusi,
1077 3145 1126 3210 qni
1149 3143 1299 3196 coenobium

179 3213 485 3266 Reinhardsbruuucnss
502 3214 614 3278 reqebat,
633 3214 679 3265 hoc
697 3213 831 3266 thum
849 3219 893 3268 est.
931 3213 1007 3277 occa
1024 3214 1152 3281 pwmodo
1169 3220 1192 3264 et
1211 3231 1228 3264 a
1247 3229 1298 3280 quo

179 3285 285 3349 factum
315 3285 366 3350 sit,
400 3287 552 3352 iquoratur.
599 3285 665 3336 eccm
695 3301 713 3336 a
743 3285 879 3350 Siqesrido
917 3285 1111 3352 archiepiscopo
1141 3286 1299 3350 Mequutino

137 3415 144 3428 ·
179 3356 307 3408 monachi
332 3358 363 3407 iu
388 3355 505 3408 Mentem
529 3355 558 3409 S.
576 3354 652 3408 Petri
674 3357 746 3408 circa
770 3372 796 3407 a.
818 3358 894 3411 1060.
920 3356 1028 3407 adducti
1056 3358 1123 3420 sint,
1149 3357 1183 3407 ab
1210 3355 1299 3406 archi-

178 3429 299 3494 episcopo
326 3425 440 3494 quodam
467 3427 625 3492 osopum-tuo
650 3429 729 3478 etium
756 3427 899 3479 &belhem
923 3427 970 3478 hoc
996 3428 1187 3478 monasterium
1211 3427 1299 3477 tradi-

141 3505 237 3554 estum
264 3513 318 3550 esse
344 3499 461 3564 canicies,
481 3499 526 3550 sed
552 3515 570 3550 a
592 3497 720 3550 Weccloue
741 3499 949 3562 (1084-1088)
973 3497 1021 3548 hoc
1046 3497 1148 3561 fadum
1172 3511 1299 3550 essenon

179 3569 260 3633 facile
278 3569 375 3633 croam,
395 3571 443 3635 qui
459 3569 589 3621 Heinrico
601 3568 650 3620 IV.
669 3569 829 3637 imperatori
852 3569 946 3632 favens
966 3569 1141 3620 (Iiselbertum
1166 3573 1299 3622 amm·

178 3640 241 3692 ehoe
259 3639 469 3704 Hirsauqieuses
495 3656 508 3690 e
531 3641 690 3692 monasterio
714 3639 888 3705 Hasuuqmsi
908 3655 927 3690 a
945 3639 1080 3705 Siqefristo
1102 3640 1298 3706 archispiscopo

179 3711 301 3774 fundam
319 3711 451 3778 scpulerit
469 3712 516 3775 (cf.
537 3711 581 3766 ‘N.
597 3710 710 3763 Archio'
729 3709 810 3777 XIX,
835 3727 862 3778 p.
876 3713 928 3766 572
940 3713 1002 3779 oq),
1021 3727 1103 3777 neque
1120 3727 1138 3762 a
1155 3726 1299 3764 successore

179 3784 238 3834 eius
264 3781 417 3846 Ruthardo,
442 3787 583 3848 autmuam
610 3799 636 3836 a.
660 3783 737 3837 1098.
766 3787 872 3849 partem
903 3783 1074 3848 imperatoris
1105 3787 1129 3834 et
1153 3783 1298 3850 antipapae

142 3854 322 3917 sonarum,
349 3851 397 3904 hoo
423 3853 526 3916 factum
555 3869 608 3906 csse
634 3854 728 3907 medes
771 3853 853 3905 Nihil
882 3854 968 3919 iqitur
994 3853 1025 3905 de
1051 3853 1101 3905 hac
1130 3870 1160 3905 re
1189 3857 1296 3905 constat.

183 3927 208 3990 1)
226 3924 270 3988 Cf.
283 3923 425 3990 Lampe-ti
441 3940 522 3990 opera
538 3941 565 3991 p.
579 3941 637 3980 111
653 3924 691 3987 (Β
703 3921 765 3990 3¹³).
837 3925 865 3993 2)
885 3923 991 3978 ‘DKZ.’
1009 3924 1047 3978 eet.
1062 3927 1086 3978 1.
1105 3924 1160 3988 III,
1174 3940 1205 3990 p.
1219 3926 1296 3979 1014.

180 4001 203 4046 et
221 3997 251 4046 iu
269 3995 435 4062 sequentibus
453 3995 610 4046 caltionibus
628 3995 710 4047 huius
723 3997 810 4062 operis
827 4001 850 4046 et
863 3995 1059 4061 ‘Forschuuqeu
1072 4012 1095 4049 z.
1109 3995 1143 4049 D.
1158 3994 1199 4048 G.’
1212 3993 1295 4059 XIII,

176 4085 205 4132 p.
226 4067 279 4120 oto
298 4083 337 4132 sq.
427 4067 455 4133 8)
481 4066 643 4118 Praesertim
670 4065 699 4120 0.
718 4065 809 4131 Posse,
838 4066 1048 4134 ‘Forschunqeu'
1073 4065 1161 4131 XIII,
1186 4081 1216 4132 p.
1235 4067 1296 4121 336.

179 4139 208 4200 4)
228 4137 272 4200 Cf.
290 4153 378 4203 supra
400 4154 427 4204 p.
440 4139 458 4191 4
470 4153 508 4204 sq.
589 4139 616 4204 5)
635 4137 714 4188 Hanc
731 4139 952 4189 coniunctionem
970 4154 995 4192 a.
1011 4139 1199 4200 lore—1154,
1217 4152 1297 4204 quam

143 4223 171 4262 sc
181 4207 299 4260 Annales
317 4207 344 4262 S.
357 4207 434 4259 Petri
444 4207 619 4276 Erphesfurt.
640 4207 726 4260 moces
743 4209 878 4274 inscripsi,
898 4209 955 4260 cide
972 4224 1058 4277 supra
1073 4223 1101 4276 p.
1115 4210 1150 4264 45
1162 4223 1217 4274 sqq.
1246 4207 1298 4272 Qui

179 4280 293 4332 annales
309 4281 441 4345 exscripti
449 4285 511 4331 mur
529 4281 559 4330 in
571 4281 767 4331 continuatione
784 4279 902 4330 chronici
913 4280 1074 4332 Eichehardi
1088 4279 1182 4331 ecdc'cis
1195 4279 1297 4331 Vetero-

179 4349 297 4402 attona
314 4366 401 4416 supra
416 4369 445 4418 p.
459 4352 493 4405 68
505 4367 560 4417 sqq.
578 4350 657 4405 aaa.
730 4351 757 4416 6)
776 4349 916 4417 Lamperti
932 4366 1014 4418 opera
1027 4368 1057 4418 p.
1073 4357 1155 4398 LV111
1168 4349 1253 4415 (13⁸2).
