3222 4850
311 396 366 450 210
401 392 567 449 GRONIGA
579 389 1112 448 s.PavR11essx01tDENsislt0b.
1133 391 1168 446 A.
1180 393 1257 448 1211.
1269 395 1345 448 1212.

144 629 169 676 cf
183 630 212 668 ὓ,
225 559 396 670 {gissenus
426 587 458 640 et
487 582 663 657 precipuus,
687 581 790 639 officio
820 581 951 656 dapifer,
975 582 1026 638 cui
1052 580 1137 638 idem
1160 579 1237 640 Otto
1260 580 1363 638 sicuta
1389 582 1429 651 ei,

167 661 172 672 '
212 661 218 673 ’
297 661 401 730 'cuius
431 671 615 729 fidelitatem
645 673 678 727 et
707 656 971 728 strennuitatemb
997 670 1061 727 iam
1090 671 1212 745 pridem
1242 669 1346 728 iuerat
1380 686 1429 727 ex·

313 763 430 836 pertus,
454 777 519 817 non
534 760 637 817 solnm
659 759 792 834 privata,
816 758 874 816 sed
896 762 929 816 et
942 759 1068 834 publica
1091 759 1179 834 regni
1201 759 1332 834 negocia
1347 776 1429 817 com·

312 851 450 918 miserat,
481 849 523 906 ad
551 847 636 924 quod
659 865 732 906 eum
761 848 885 906 instans
912 847 1044 922 urgebat
1066 849 1249 916 necessitas,
1272 852 1428 923 quantum

311 941 443 1012 poterat,
467 938 642 1012 principum
665 936 953 994 machinacionibus
975 936 1108 1010 parabat
1130 937 1293 995 contraire.
1332 935 1459 996 Omnis

312 1027 407 1102 igitur
429 1043 492 1103 qua
514 1029 637 1100 poterat
658 1025 873 1083 testinancia
891 1025 982 1083 villas
1005 1026 1117 1100 regias,
1141 1025 1279 1083 scilicet
1294 1025 1428 1083 Nerthu-

313 1132 370 1173 sen
385 1119 418 1173 et
433 1116 612 1184 Mulhusen,
631 1115 730 1172 muris
749 1118 781 1171 et
799 1115 927 1171 fossatis
943 1113 1136 1172 sufficienter
1151 1115 1290 1172 munitas
1306 1118 1428 1172 armata

313 1221 411 1261 mauu
432 1204 607 1261 militum
630 1219 837 1278 preoccupare
858 1201 1041 1272 festinabat,
1065 1207 1101 1260 ut
1124 1203 1198 1261 inde
1215 1203 1428 1278 lantgravium

312 1293 402 1368 quasi
431 1293 555 1350 hostem
584 1291 745 1367 publicum
775 1295 808 1348 et
837 1292 968 1350 adverse
991 1293 1089 1367 partis
1112 1292 1361 1367 principaliorem
1383 1293 1428 1349 iu·

312 1385 476 1456 pugnaret.
523 1379 615 1452 Quod
638 1384 670 1438 et
692 1381 750 1439 ita
772 1380 894 1438 iactum
918 1373 991 1438 ‘est
1037 1380 1119 1438 Nam
1142 1380 1284 1456 prelatus
1307 1380 1465 1443 conec-10

311 1470 395 1528 linus
423 1470 609 1528 coadunatis
639 1469 698 1526 sibi
728 1468 903 1527 Saxonibus
933 1471 967 1526 iu
990 1467 1179 1527 Muthusen⁰
1208 1487 1241 1527 se
1264 1471 1426 1544 recipiens,
1438 1457 1530 1508 *2³⁸³-

312 1560 436 1616 exinde
465 1559 556 1616 villas
586 1558 737 1615 finitimas
768 1557 1018 1633 depopulabatur
1046 1561 1103 1615 aut
1125 1575 1225 1634 usque
1248 1559 1428 1616 denomina-

311 1651 381 1704 tum
411 1647 494 1704 diem
524 1664 577 1704 eas
608 1647 666 1704 sub
696 1652 788 1722 pacto
818 1647 1024 1716 constituens,
1046 1651 1141 1722 prout
1163 1664 1236 1705 cum
1258 1664 1295 1705 eo
1318 1664 1429 1706 conve

311 1737 377 1793 nire
411 1739 571 1811 poterant,
606 1736 772 1811 pecuniam
806 1735 845 1794 ab
875 1737 920 1793 eis
950 1735 1164 1811 extorquebat.
1210 1736 1324 1793 Inter
1356 1736 1428 1794 hec

313 1825 417 1882 idem
444 1824 638 1882 Gunoelinus
667 1825 830 1882 universos
858 1824 1029 1900 Thuliugie
1055 1825 1188 1882 barones
1219 1825 1367 1882 convenit
1395 1829 1464 1882 et1⁶

312 1914 461 1988 singulos,
492 1917 525 1971 et
553 1915 627 1989 quia
655 1914 783 1971 venales
813 1930 927 1971 manus
956 1914 1130 1983 invenerat,
1160 1914 1261 1972 multa
1296 1915 1429 1989 pecunia

311 2019 364 2058 eos
387 2002 510 2060 adhoc
533 2002 658 2060 induxit
687 2007 719 2060 et
741 2002 901 2070 conduxit,
931 2006 969 2060 ut
997 2003 1125 2060 domino
1148 2019 1206 2060 suo
1228 2002 1426 2072 hereditario,

312 2091 449 2148 scilieet
470 2091 656 2166 lantgravio,
680 2091 803 2167 publice
826 2092 1075 2160 renunctiareut3
1100 2095 1133 2149 et
1156 2093 1201 2150 sic
1215 2092 1298 2149 flunt
1318 2091 1426 2150 hostes

311 2169 513 2249 mannestod,
537 2181 592 2256 qui
613 2180 707 2255 paulo
729 2183 804 2237 ante
827 2179 991 2238 domestici
1020 2183 1053 2237 et
1075 2181 1252 2256 obsequiosi
1274 2181 1427 2255 putaban-

311 2273 371 2326 tur.
410 2268 513 2326 Huius
536 2269 673 2344 maligne
697 2269 895 2326 discessionis
919 2286 938 2326 a
960 2269 1099 2344 principe
1121 2269 1297 2327 Fridericus
1320 2282 1463 2328 comesse

311 2357 350 2414 de
373 2357 568 2432 Bichelingin
590 2358 757 2432 precipuus
775 2361 885 2415 auctor
907 2360 940 2414 et
961 2358 1103 2415 incentor
1125 2357 1297 2426 dicebatur,
1321 2359 1425 2434 quod

208 2443 366 2505 *traueo0
394 2446 495 2521 magis
518 2431 678 2504 indebitos
705 2447 807 2504 facere
832 2440 933 2503 *viem
962 2451 1022 2515 est,
1052 2463 1124 2523 quo,
1149 2447 1231 2505 sicut
1252 2447 1426 2504 multorum

309 2535 412 2609 patuit
434 2535 617 2610 cognicioni,
640 2535 723 2592 intra
745 2535 907 2593 biennium
930 2535 993 2591 iam
1017 2536 1101 2593 dicto
1123 2536 1265 2611 principi,
1288 2537 1426 2611 acceptis

308 2623 348 2680 ab
376 2613 568 2681 eotltltl‘1⁸¹3
594 2609 742 2692 merrich,
772 2624 840 2682 sine
869 2625 955 2681 omni
982 2625 1167 2699 excepcione
1189 2625 1280 2682 novis
1303 2628 1336 2683 et
1358 2641 1425 2700 spe·

308 2712 438 2770 cialibus
462 2729 495 2770 ss
518 2713 680 2787 promissis
704 2712 906 2787 obligaverat,
936 2715 973 2770 ut
1002 2716 1110 2771 contra
1134 2713 1306 2789 quemlibet
1328 2713 1462 2773 homi-ae

308 2817 381 2857 nem
404 2801 433 2859 ei
455 2801 631 2858 conferret
654 2801 804 2858 aumlium
830 2805 863 2859 et
877 2805 1032 2876 prestaret
1048 2802 1243 2878 obsequium.
1279 2801 1424 2878 Sicque

307 2888 440 2946 barenes
474 2889 644 2965 Thuringie
678 2890 848 2948 coadunati
881 2889 1071 2960 Saxonibus‚
1106 2891 1193 2948 nullo
1228 2890 1424 2960 defensante,

308 2976 503 3035 vastabant
532 2978 735 3052 provinciam,
765 2978 896 3037 inbelles
926 2979 1052 3037 colonos
1079 2979 1251 3055 spoliantes
1274 2984 1313 3038 et
1335 2997 1424 3038 casas

308 3081 415 3122 eorum
444 3066 707 3125 succendentes.
754 3067 878 3125 Interea
909 3069 1170 3143 lantgravius
1205 3065 1319 3127 castra
1352 3084 1423 3138 sua,

308 3152 476 3231 quantum
500 3149 682 3234 prevaluit,
707 3149 840 3215 munire
872 3170 942 3215 ιιοιι
971 3150 1109 3216 distulit
1119 3150 1141 3214 1.
1187 3157 1309 3215 Deinde
1338 3157 1461 3218 lamam

209 3221 299 3341 (ff)
308 3243 460 3319 prodente
482 3244 600 3302 adfuere
623 3245 677 3320 qui
699 3244 840 3303 dicerent
855 3242 1006 3304 Ottonem
1022 3246 1209 3304 Alamannis
1231 3247 1296 3304 iam
1318 3250 1423 3322 partes

308 3332 423 3390 adiisse
453 3336 485 3391 et
513 3334 595 3391 circa
624 3320 719 3391 Reni¹
749 3333 828 3392 fines
858 3334 1014 3392 infinitam
1038 3335 1175 3393 militum
1198 3335 1320 3410 copiam
1343 3335 1424 3393 colli-

172 3435 243 3478 reos.
251 3434 271 3482 e,
279 3435 298 3476 1.
308 3439 380 3496 gere
403 3426 435 3480 et
457 3423 502 3480 ita
524 3421 556 3480 in
577 3439 666 3481 mana
687 3421 805 3482 robiate
827 3423 929 3480 dicere
959 3440 993 3481 se
1015 3423 1096 3482 velle
1118 3424 1289 3499 Thuringie
1317 3428 1423 3499 partes

307 3511 434 3581 intrare,
465 3511 598 3587 oppidis,
628 3512 739 3569 castris
769 3515 802 3569 et
825 3511 971 3569 omnibus
993 3512 1219 3588 lantgravii
1241 3513 1424 3593 municioni·

307 3599 367 3656 bus
390 3601 502 3658 acriter
524 3601 697 3658 imminere.
1434 3611 1460 3651 ³⁵

233 3692 298 3742 (Ml
413 3687 569 3748 MOOXII.
616 3676 741 3748 Otto¹¹
773 3690 941 3746 veniens
974 3689 1012 3747 in
1042 3690 1305 3767 Thuringiam
1337 3708 1423 3749 cum

307 3765 481 3835 tribracho¹
513 3805 554 3816 -
642 3776 802 3836 dribochm
836 3805 880 3816 -
913 3782 1093 3836 castrum
1127 3779 1353 3855 lantgravii
1389 3780 1423 3837 in

307 3865 418 3924 Salza¹¹
437 3866 600 3925 obsedit
623 3869 662 3924 et
684 3868 904 3943 expugnavit.
944 3867 1099 3943 Sperans⁰
1119 3873 1253 3926 autem
1271 3885 1327 3944 per
1341 3868 1423 3926 hanc

306 4015 499 4066 namaa,
513 4025 555 4056 ω.
570 4016 589 4058 1.
649 4015 765 4064 eirea,
778 4015 909 4056 sensuum
924 4018 943 4058 1.
996 4003 1190 4065 eiutnnmni
1209 4018 1259 4060 ar.
1316 4016 1424 4067 rimm-

306 4067 488 4110 festiltseorr.
542 4067 739 4120 aluminosi.
793 4069 902 4118 ostcR,·
915 4069 1034 4110 uidebatur
1049 4071 1068 4113 1.
1117 4072 1142 4121 g)
1155 4069 1235 4111 00οὤ
1249 4073 1268 4113 1.
1321 4071 1460 4118 biit-Mt

307 4121 323 4169 l)
336 4122 368 4161 sc
381 4122 413 4170 B,·
427 4133 469 4164 m.
484 4125 504 4166 1.
542 4122 567 4170 k)
581 4123 701 4172 imperator
715 4123 766 4166 add.
779 4122 806 4165 E.
846 4122 862 4173 1)
876 4123 981 4163 mucha
995 4123 1021 4166 Ε.
1060 4121 1091 4174 ιιι)
1105 4121 1186 4175 drlbeg
1199 4123 1224 4168 a.
1269 4125 1292 4174 ιι)
1306 4123 1385 4164 saca
1398 4123 1423 4167 Ε.

306 4176 450 4226 clupeatus
464 4195 490 4206 -
503 4175 673 4228 animantum.
687 4175 735 4226 ns,
749 4176 765 4219 l.
778 4176 813 4225 tt)
827 4187 868 4220 om.
882 4175 908 4218 E.

309 4298 334 4369 1)
351 4297 405 4351 Hie
415 4299 501 4353 vertit
512 4299 640 4352 ὸνωίαυίι
650 4305 744 4352 emor
761 4315 829 4368 qaae
846 4301 876 4351 ia
888 4299 967 4354 Oreo.
981 4299 1175 4356 Maioma.
1189 4317 1220 4368 p.
1232 4300 1294 4365 579,
1312 4301 1336 4364 f.
1345 4301 1422 4355 eceb.

306 4385 340 4422 ec
351 4369 423 4424 Hist.
436 4370 631 4425 asamar.
644 4369 727 4424 raso
737 4372 858 4438 εωροσιῖα
868 4375 940 4426 eunt
965 4371 1007 4437 Of.
1020 4371 1064 4427 ίΝ.
1077 4371 1190 4425 Ambiv'
1202 4371 1267 4436 XX,
1276 4387 1306 4439 p.
1319 4373 1372 4428 578
1383 4387 1423 4439 ag.
