3186 4844
260 355 971 450 cremensruumnsroeounsrsnon.
990 392 1202 478 A.1130.11e1.
1249 391 1300 446 167

292 584 331 641 In
352 584 427 640 villa
449 583 563 641 Hella⁸
590 584 775 642 occiduntur
797 601 816 641 a
839 583 959 641 civibus
983 570 1123 640 cunrath
1151 583 1190 640 ee
1213 549 1455 659 uren-3230&

186 677 278 742 stete,
301 671 511 730 Adelbertus⁰
539 677 572 730 et
594 672 687 730 Eribe
717 673 779 730 duo
808 671 922 730 fratres
952 688 1025 730 oum
1049 671 1114 729 suis
1138 670 1300 728 militibus.

186 762 253 820 Rex
275 778 349 819 vero
367 762 534 820 Letharins
557 761 709 820 adversus
732 762 867 819 eandem
882 761 990 818 villam
1013 761 1097 835 cogit
1120 761 1300 818 exereitum.

185 850 352 908 Trunoatis
376 839 480 919 allel,
505 851 636 926 aliisque
659 851 784 920 coeatis,
807 849 968 908 nonnullis
1000 846 1214 907 diversorum⁰
1242 851 1302 906 tor·

153 943 367 1000 omentorum
396 940 564 1014 generibus
595 940 791 1008 exorneietis,
815 940 924 996 multis
947 955 1071 1014 quoque
1101 953 1156 1012 per
1179 938 1304 996 diversa

185 1028 392 1104 fugientibus,
409 1029 518 1104 reliqui
534 1045 654 1098 omnes,
672 1029 748 1086 date
761 1027 886 1085 infinite
901 1027 1043 1103 pecunia,
1062 1027 1184 1102 ingenti
1199 1043 1304 1084 rerum

186 1135 317 1174 suarum
334 1117 498 1193 dispendio
515 1117 626 1192 dignas
649 1134 706 1192 pro
727 1118 895 1176 commisso
919 1117 1034 1174 scelere
1057 1131 1154 1192 penas
1177 1104 1302 1172 luunt*.

295 1192 517 1264 Bureherdus‘
536 1223 642 1264 eomes
657 1206 957 1264 Luohenheimeusis
981 1199 1024 1263 de
1048 1197 1304 1262 Sexonia1e010

186 1295 307 1352 demini
332 1296 381 1351 sui
403 1294 578 1352 Hermanni
600 1294 780 1370 principalis
803 1295 926 1353 comitis
942 1293 1113 1368 Thuringie
1136 1291 1303 1360 occiditur3

151 1384 227 1444 roob
258 1384 341 1458 qnod
374 1384 459 1442 idem
488 1385 691 1442 Hermannus
725 1401 745 1441 a
778 1401 851 1458 rege
880 1383 1027 1440 Letharie
1062 1382 1238 1458 deponitur,
1274 1383 1306 1437 et

186 1489 294 1532 eomes
328 1470 499 1547 Ludwigus
533 1489 589 1547 pro
623 1489 660 1530 eo
694 1473 906 1541 constituitur,
937 1488 1071 1547 moxque
1100 1469 1306 1544 Winzinburg

186 1565 329 1620 castrum
352 1563 516 1619 memorati
541 1562 664 1619 comitis
686 1563 862 1619 Hermenni
891 1560 931 1618 ab
960 1561 1098 1618 exercitu
1121 1559 1202 1634 regis
1226 1559 1305 1616 obsi·

186 1651 292 1718 detur,
315 1653 523 1725 expugnetur,
547 1651 678 1725 eapitur.

296 1738 470 1797 MOXXXI.
516 1739 719 1797 Hermannns
748 1756 864 1808 eomes,
894 1740 959 1814 regi
988 1733 1135 1796 Ldtherio
1166 1737 1206 1794 11.
1234 1735 1404 1800 Kalamos

152 1848 178 1888 ro
186 1827 328 1886 Ianuarii
358 1845 393 1885 se
422 1845 542 1903 sueque
572 1828 678 1885 omnia
701 1828 831 1898 dedens,
855 1829 999 1903 captivus
1030 1827 1196 1884 abducitur
1219 1825 1306 1883 etin

187 1921 293 1975 oestro
316 1916 535 1992 Blanlrenberg
565 1911 721 1975 *custodie
751 1917 957 1991 mancipatur.
1004 1915 1210 1990 Winzinburg
1233 1930 1307 1972 vere
1317 1933 1347 1983 η.
1355 1934 1401 1976 rer.

187 2007 230 2064 ad
253 2007 357 2063 solum
380 2022 481 2081 usque
503 2007 685 2064 destruitur.
984 1995 987 2002 ’

92 2113 178 2162 ¹,nete
299 2087 518 2152 *Rursumss
544 2112 597 2153 rex
619 2089 786 2155 Ldtharius
815 2097 1003 2169 congregato
1026 2095 1163 2151 exercitu
1193 2093 1225 2149 in
1248 2092 1307 2150 Da·
1319 2095 1395 2150 1131.

189 2185 277 2241 niam
301 2183 506 2258 proficiscitur
528 2188 655 2259 propter
676 2184 830 2242 intestine
858 2183 949 2252 bella,
974 2199 1034 2258 que
1063 2182 1252 2258 gerebantur
1274 2182 1308 2239 in

153 2289 237 2330 eoem
285 2271 382 2330 Filius
412 2274 527 2348 quippe
557 2274 638 2347 regis
668 2274 769 2331 Danie
798 2272 898 2329 fllium
928 2272 1032 2346 patrui
1062 2273 1111 2328 sui
1141 2270 1414 2339 occideremur).

189 2363 265 2436 quie
287 2361 372 2419 hune
395 2361 583 2437 quandoque
612 2379 646 2420 se
669 2362 801 2437 depulso
827 2364 1032 2436 regnaturum
1056 2377 1125 2417 esse
1147 2360 1307 2416 timuerat.

188 2449 273 2508 Nam
297 2453 386 2526 peter
408 2449 501 2508 oeeisi
523 2455 618 2509 antee
640 2469 694 2509 rex
716 2451 830 2508 fuerat.
864 2450 947 2507 Hine
970 2465 1043 2525 ergo
1066 2465 1119 2506 rex
1142 2445 1308 2508 Ldtherius

189 2538 229 2596 ab
259 2539 353 2597 oeeisi
382 2538 479 2596 iletre
508 2541 726 2615 interpellatus
753 2539 906 2597 adversus
928 2541 996 2595 tem
1019 2540 1180 2595 inmanem
1202 2537 1309 2612 impie-

189 2632 292 2685 tatem
315 2645 404 2685 arma
426 2628 585 2703 eorripuIt,
609 2629 650 2686 ud
667 2629 882 2686 ulciscendum
899 2628 1093 2702 sangninem
1108 2627 1309 2684 innocentem

154 2720 302 2775 recontre
331 2721 436 2792 partes
463 2716 564 2774 Danie
594 2719 765 2776 exercitum
795 2718 903 2774 mevit.
950 2716 1074 2773 Timore
1104 2733 1197 2791 ergo
1226 2731 1309 2772 exer·

189 2805 273 2864 eitus
304 2805 386 2880 regis
409 2802 548 2864 Ldtharii
578 2823 688 2864 omnes
711 2806 812 2863 Dauie
841 2805 952 2862 linium
975 2804 1082 2880 pepuli
1105 2806 1193 2863 velut
1215 2819 1310 2862 arene

191 2895 288 2952 maris
318 2894 564 2952 innumerabiles
593 2896 635 2954 ad
664 2893 881 2953 rebellandum
910 2895 944 2952 in
974 2911 1073 2951 unum
1104 2895 1212 2962 eoaeti,
1237 2909 1311 2951 oum

190 3001 229 3040 ex
252 2984 387 3041 adverso
410 2985 582 3042 exereitum
612 2985 693 3060 regis
716 2983 865 3052 Lotherii,
890 2983 1034 3059 quamvis
1061 2984 1231 3052 modicum,
1255 2999 1311 3039 sex

190 3075 320 3130 tantum
354 3073 500 3130 videlieet
534 3074 660 3131 milibus
686 3073 896 3141 ‚instructum
926 3072 1116 3141 venientem,
1151 3087 1310 3130 armerum

155 3161 314 3236 refulgere
330 3149 570 3236 splendentem¹1
589 3162 797 3238 conspiciunt,
822 3161 974 3218 diuinitus
996 3161 1161 3236 perterriti,
1186 3178 1220 3218 se
1242 3177 1310 3218 sue·

191 3267 253 3326 que
277 3251 384 3307 omnia
399 3250 561 3320 dedentes,
586 3252 713 3310 dextras
736 3254 860 3326 petunt,
884 3254 981 3325 utque
1004 3267 1057 3308 rex
1080 3251 1220 3324 ipsorum
1244 3264 1310 3324 pro·

308 3433 335 3502 *)
353 3435 382 3487 Ε
403 3437 459 3487 iam
484 3435 510 3490 h.
531 3436 548 3491 l.
576 3435 655 3490 adds
679 3442 764 3485 llodem
783 3454 841 3484 anno
854 3441 922 3484 duero
936 3449 971 3484 est
984 3453 1043 3492 aqna
1061 3443 1087 3482 ln
1103 3444 1199 3484 Mentem
1218 3431 1313 3487 Sancti

353 3503 450 3559 Petri²
467 3507 518 3560 sub
535 3505 690 3560 Wemhero
709 3506 816 3560 abbate.

390 3575 541 3632 Versus:
562 3579 670 3632 Coum
688 3595 755 3646 oque
769 3573 893 3630 dueum*
906 3578 1000 3644 patrie
1016 3578 1096 3629 ierim
1114 3573 1311 3644 epeduetumi.

161 3773 218 3820 tet)
238 3773 269 3812 rte
283 3774 303 3815 1.
320 3772 342 3814 V.
357 3773 426 3824 Emi,
440 3773 503 3822 stou·
523 3773 594 3814 Bellis
612 3773 634 3812 Ε
652 3773 698 3825 (ubl
718 3773 784 3813 Anno
804 3772 938 3816 ΜῦΟΧΧΧῡ.
961 3773 986 3811 In
1006 3783 1027 3814 v.
1041 3771 1083 3822 Ill
1102 3773 1135 3821 13,-
1156 3772 1222 3812 Htlle
1239 3771 1313 3815 LIII.

195 3823 219 3878 b)
233 3824 323 3866 conrad
337 3824 365 3865 de
378 3826 470 3866 Botere
483 3827 509 3870 Il.
564 3829 584 3874 o)
598 3827 671 3869 Adllb.
686 3825 714 3866 de
729 3827 815 3867 rerlhro
829 3827 873 3866 due
887 3826 912 3870 Ε.
966 3824 990 3874 d)
1004 3837 1044 3868 om.
1053 3825 1080 3868 Ii.
1135 3828 1155 3875 e)
1169 3827 1200 3866 rie
1213 3825 1235 3864 Ε
1245 3826 1314 3872 (corr,

195 3879 288 3929 uvore).
305 3879 333 3921 rr.
346 3879 415 3929 ops.
429 3881 493 3928 rm
513 3877 609 3919 eruent
628 3883 646 3922 1.
666 3880 687 3922 ν.
768 3879 786 3930 r)
806 3880 858 3919 rau
871 3901 898 3908 -
912 3871 1031 3921 bithenus
1050 3876 1082 3928 (ρ’.
1097 3879 1143 3930 me,
1162 3880 1176 3922 ι,
1191 3881 1214 3928 r)
1234 3889 1275 3921 m.
1288 3879 1314 3922 n.

195 3931 220 3982 g)
233 3934 264 3972 ele
278 3935 297 3975 1.
311 3933 338 3982 B,
353 3934 410 3982 quoa
423 3937 501 3972 auerer
513 3933 579 3972 tutuo
592 3934 657 3976 cren.
671 3933 768 3983 emme,
782 3935 839 3972 decet
852 3935 908 3972 enlm
921 3933 991 3983 Erph.
1005 3934 1054 3983 Psy.
1105 3933 1129 3985 h)
1142 3934 1173 3972 eie
1187 3934 1213 3976 Β.
1226 3931 1314 3975 orm.

196 3985 279 4034 Eum
292 3985 410 4036 splendere
424 3989 443 4029 1.
497 3985 514 4038 l)
528 3983 608 4027 duetus
622 3987 676 4036 Ena.
690 3987 703 4026 1
718 3987 778 4036 (inde
791 3987 823 4036 V).
838 3987 871 4028 II.
886 3987 913 4029 N.

162 4161 473 4230 innectentem
497 4166 577 4216 eiam
594 4165 666 4218 Anu.
685 4164 779 4230 Papae.
799 4164 815 4218 l.
830 4164 846 4218 l.
936 4165 965 4232 2)
983 4163 1031 4215 Ee
1048 4181 1074 4219 α.
1089 4166 1165 4221 1136.
1184 4165 1247 4217 haee
1264 4165 1315 4216 hue

197 4233 332 4286 mulera
348 4239 428 4298 mnu
445 4236 480 4299 ef.
498 4237 577 4300 iufra
592 4252 621 4302 p.
636 4237 695 4302 173,
716 4235 733 4289 l.
748 4237 790 4290 10.
816 4235 858 4300 Os.
872 4235 916 4290 ‘N.
930 4235 1042 4288 Arediv’
1055 4235 1136 4304 XXI,
1152 4252 1182 4302 p.
1194 4237 1247 4292 495
1259 4251 1313 4304 sqq.

197 4304 312 4430 {¹3er
330 4305 407 4357 habet
425 4309 506 4358 diem
523 4307 582 4360 Nie.
601 4306 632 4360 dc
650 4306 743 4373 Sr’epm
757 4323 786 4373 p.
804 4309 865 4362 eol.
885 4321 944 4358 oum
963 4307 1068 4360 eorem
1085 4307 1199 4360 eodieum
1217 4305 1315 4374 Enyd-
