3246 4866
360 353 551 410 ORONIGAE
568 354 596 410 S.
605 353 721 410 PETRI
733 353 893 413 ERFORD.
912 353 1110 410 APPENDIX
1118 353 1169 411 VI.
1271 359 1325 412 423

202 543 335 618 Ypoliti,
365 544 520 614 Mercurii,
544 544 688 614 Tiburtii,
719 543 914 614 christofori,
944 545 1092 615 Ianuarii,
1123 545 1265 603 Processi
1291 549 1324 604 et

203 632 396 702 Martiniani,
420 632 527 702 Bachi,
551 633 763 692 Pantaleonis.
810 633 997 692 Sanctorum
1020 651 1144 710 quoque
1166 634 1323 692 contesso-

202 739 291 778 rnm:
324 721 452 779 Martini
482 723 619 798 episcopi
649 725 682 780 et
710 721 909 792 contessoris,
937 723 1100 782 Benedicti
1122 723 1322 792 confessoris,

202 810 307 886 Egidii
345 809 544 880 confessoris,
581 804 725 869 *Antonii
763 811 962 881 confessoris,
1003 811 1086 870 Galli
1123 811 1403 876 confessorisw.

177 897 393 956 sSanctarum
427 916 550 975 quoque
587 900 761 975 virginum:
797 900 983 975 Margarete,
1018 901 1119 976 Agne,
1155 899 1321 971 christine,

202 987 386 1057 Felicitatis,
410 988 534 1058 Ursule,
559 988 687 1064 Regina,
711 989 815 1059 Lucis,
838 979 929 1046 ΧΙ01111
952 989 1074 1046 milium
1097 990 1265 1065 virginum.

313 1072 436 1135 Anno⁸
469 1072 513 1136 ab
547 1071 784 1137 incarnatione
819 1071 961 1136 Domini
994 1065 1419 1150 M⁰OO⁰XVI111⁰bpaoi

202 1159 395 1226 indictione
418 1159 557 1238 VIII⁸¹,
587 1160 636 1222 II.
660 1160 740 1225 Kal.
764 1160 875 1245 April.
907 1161 1105 1226 dedicatum
1135 1163 1188 1225 est
1211 1160 1439 1228 altercassent.

202 1249 242 1311 in
266 1250 386 1313 dextra
416 1249 505 1312 turri
534 1249 572 1312 in
601 1251 732 1314 honore
761 1253 880 1315 sancte
903 1250 1097 1315 Katherine
1120 1249 1263 1334 virginis
1287 1253 1323 1315 et

164 1337 364 1422 inmartyris
397 1337 575 1422 sanctique
598 1338 736 1404 Andrce
766 1338 915 1422 apostoli
944 1342 980 1403 et
1009 1338 1163 1402 omnium
1193 1342 1323 1403 sancto·

202 1447 291 1499 rum,
316 1432 421 1507 ibique
444 1432 601 1490 habentur
623 1433 737 1490 horum
767 1438 948 1491 sanctornm
975 1433 1119 1509 reliquie:
1151 1432 1198 1492 De
1222 1434 1323 1508 sepni-

202 1520 279 1579 chro
309 1521 446 1590 Domini,
478 1521 517 1579 de
547 1522 680 1580 sindone
709 1521 847 1591 Domini,
878 1523 919 1579 de
947 1521 1051 1597 lapide
1081 1523 1115 1580 in
1137 1539 1199 1597 qno
1229 1521 1321 1580 sedit.

203 1609 251 1666 De
275 1609 343 1667 oleo
366 1611 477 1667 matris
500 1610 636 1669 Domini.
682 1609 730 1667 De
753 1611 877 1669 ossibus
905 1612 1007 1669 sancii
1030 1610 1154 1669 Andree
1177 1610 1321 1685 apostoli,

202 1699 325 1756 Mathis
348 1699 491 1782 appstoli,
515 1699 633 1756 Kiliani
660 1699 818 1774 martyris,
848 1698 998 1757 Gereonio
1022 1699 1179 1774 martyris,
1203 1699 1323 1757 Nicolai

163 1802 193 1842 ιο
203 1787 353 1863 episcopi,
378 1787 515 1845 Udalrici
533 1788 680 1863 episcopi,
705 1788 887 1857 Katherine,
911 1789 1009 1846 Marie
1025 1788 1222 1864 Magdalene,
1246 1787 1322 1846 Atre

203 1877 364 1950 martyris,
388 1876 543 1934 Undeeim
555 1877 677 1934 milium
688 1877 856 1952 virginum.
881 1869 1126 1936 Consecratum
1142 1874 1195 1935 est
1207 1873 1324 1936 autem

204 1959 249 2022 ab
273 1958 475 2024 Hermanno
498 1958 783 2026 Hesterlauensi²
805 1960 975 2044 episcopo.

314 2047 450 2112 ⁸Annoe
479 2048 648 2113 dominice
671 2048 918 2112 incarnationis
941 2046 1251 2126 M⁰O⁰Lxxx⁰11⁰‚
1275 2048 1323 2111 in·
1334 2054 1411 2109 1182.

205 2137 358 2201 dictione
381 2136 457 2214 XV,
481 2137 566 2200 XII.
592 2137 670 2201 Kal.
702 2136 786 2200 Iulii
816 2141 1054 2202 consecratum
1077 2141 1130 2202 est
1153 2136 1263 2202 altare
1286 2137 1422 2203 inraso.

163 2227 349 2290 sedentera
377 2229 476 2309 parte
506 2224 647 2290 basilice
674 2229 792 2291 sancte
815 2225 925 2290 Maris
949 2226 992 2291 ab
1016 2225 1176 2290 Huberto
1198 2224 1323 2291 Havel-

204 2315 366 2397 bergensi
386 2315 544 2399 episcopo
567 2315 757 2380 inhonore
781 2318 977 2379 sanctorum
993 2314 1139 2392 Nicolai,
1164 2313 1321 2398 Remigii,

205 2402 330 2467 Basilii
353 2406 389 2468 et
413 2403 569 2468 servatii.
615 2409 677 2467 Ubi
706 2410 765 2467 hee
789 2402 986 2468 *sanctorum
1015 2410 1143 2484 reliquie
1166 2409 1325 2467 habentur
1334 2423 1407 2474 *aaa

204 2497 381 2556 recondite:
406 2498 618 2556 Bartholomei
633 2498 776 2574 apostoli,
800 2498 919 2556 Mathia
934 2498 1078 2573 apostoli,
1094 2497 1237 2555 Barnabe
1253 2515 1323 2573 apo·
1407 2569 1409 2574 ,

204 2587 279 2644 stoli
310 2590 343 2644 et
371 2592 553 2645 sanctorum
576 2585 728 2662 Stephani
757 2587 1028 2663 prothomartyris,
1052 2585 1131 2644 Sinti
1157 2603 1248 2662 pape,
1271 2585 1324 2643 Ki-

164 2675 282 2732 aeliani
305 2676 453 2751 episcopi,
483 2676 589 2744 Blasii,
613 2676 783 2745 Laurentii,
811 2674 998 2745 Sebastiam,
1023 2673 1217 2744 christofori,
1241 2674 1323 2750 Ypo·

204 2765 264 2835 liti,
288 2764 500 2833 Pantaleonis,
525 2764 679 2840 Gangolfl,
704 2767 885 2822 sanctorum
908 2764 1106 2822 Tbebeorum
1136 2767 1322 2838 martyrum.

204 2853 394 2911 Sanctorum
428 2871 552 2929 quoque
586 2853 817 2911 confessorum:
854 2853 982 2911 Martini
1015 2853 1162 2928 episcopi,
1193 2853 1322 2922 Nicolai,

205 2943 351 3016 Remigii,
377 2942 480 3012 Ulrici,
511 2941 715 3012 Gothehardi,
746 2941 892 3012 Zenonis,
923 2941 1109 3011 Leonhardi,
1133 2941 1323 3000 Potenciane

204 3047 346 3105 vrrgrms.

165 3145 195 3186 ω
314 3108 379 3176 Ιιι(1
398 3114 537 3178 sinistra
559 3117 658 3198 parte
682 3114 834 3178 eiusdem
858 3113 1002 3178 ecclesie
1018 3116 1255 3178 consecratum
1271 3116 1324 3178 est

205 3203 317 3267 altare
346 3203 383 3266 in
413 3202 543 3267 honore
573 3205 770 3268 sanctarum
800 3203 910 3267 Marie
940 3201 1156 3285 Magdalene,
1185 3202 1323 3286 Agathe

205 3297 243 3356 et
266 3290 405 3356 Oecilie.
451 3297 518 3355 Hee
541 3301 649 3355 autem
672 3297 800 3373 reliquie
827 3297 1028 3356 continentur
1050 3297 1183 3354 ibidem:
1208 3296 1256 3353 De
1279 3314 1323 3354 se·

205 3386 337 3462 pulchro
367 3389 476 3444 sancte
499 3386 606 3456 Marie,
638 3387 676 3443 de
705 3386 903 3444 vestimentis
934 3386 1036 3443 sancti
1065 3385 1150 3442 Petri
1179 3385 1323 3460 apostoli,

205 3475 327 3533 Mathis
356 3475 500 3550 apostoli,
529 3473 679 3550 Stephani
710 3474 980 3550 prothomartyris,
1004 3474 1135 3532 Fabiani
1164 3474 1322 3548 martyris,

167 3564 339 3622 asDionisii
368 3564 560 3638 Ariopagite,
591 3564 698 3638 Magni
730 3564 867 3639 episcopi
902 3567 935 3621 et
963 3563 1122 3637 martyris,
1152 3561 1322 3631 Laurentii,

206 3651 328 3722 Ciriaci,
352 3652 523 3722 Valentini,
554 3651 688 3727 Georgii,
718 3653 873 3722 Mercurii,
903 3655 1086 3709 sanctornm
1115 3650 1322 3720 Thebeorum,

206 3740 350 3813 Quatuor
365 3744 595 3810 coronatorum,
618 3741 761 3798 Duorum
776 3741 986 3809 Ewaldorum,
1011 3745 1192 3797 sanctornm
1208 3737 1322 3809 (lentii,

207 3829 354 3888 cantiani
377 3831 524 3904 martyris
548 3834 581 3888 et
595 3828 792 3898 cantianilla,
816 3828 944 3886 Martini
967 3829 1113 3904 episcopi,
1137 3828 1248 3886 Hilarii
1263 3829 1324 3903 epi·

207 3979 229 4030 a)
244 3991 311 4018 mauu
324 3990 343 4019 s.
353 3979 378 4018 X
381 3979 416 4022 VI.
430 3979 491 4022 rubr.
506 3979 630 4027 adempta.-
644 3979 679 4017 Atl
693 3977 715 4021 S.
725 3977 879 4020 Kathsrlnam.
919 3977 943 4028 b)
957 3975 1158 4017 M⁰GO⁰VIIII⁰X⁰
1172 3987 1189 4019 c.
1229 3975 1251 4028 c)
1263 3977 1324 4016 rubr.

170 4035 197 4075 40
207 4045 274 4127 Ξιτῖηιι
287 4044 305 4077 s.
318 4033 343 4072 X
346 4033 383 4077 Π.
397 4033 521 4082 adscripto:
534 4032 658 4075 Nicolaum.
725 4030 749 4082 d)
762 4031 825 4072 rubr.
839 4042 906 4070 manu
919 4043 938 4070 s.
953 4031 1016 4074 XVI.
1031 4031 1156 4079 adeor-ipis:
1176 4027 1213 4070 ad
1227 4029 1249 4074 8.
1262 4030 1324 4079 Mag·

223 4098 236 4127 a
246 4097 318 4130 ensm·

208 4210 234 4276 1)
252 4211 377 4265 A.1219.
396 4210 453 4274 fuit
470 4209 581 4261 indictio
598 4209 718 4276 septimo,
744 4213 915 4260 nuncnova.
987 4207 1015 4275 2)
1034 4205 1226 4260 Esthlcndensi
1242 4206 1324 4270 (Lea-

208 4283 293 4349 leass').
331 4281 374 4345 Cf.
393 4281 426 4334 R.
446 4281 616 4345 Hammona,
635 4280 702 4331 ‘Das
720 4279 824 4345 Riapen
848 4279 897 4331 der
914 4279 1061 4332 Deuieeben
1086 4279 1143 4330 und
1160 4279 1257 4331 Danaa
1278 4293 1324 4330 um

206 4353 257 4406 den
275 4353 364 4405 Recita
381 4351 544 4404 Estblonds'
558 4368 589 4418 p.
607 4352 651 4406 28.
