3186 4844
32 1200 140 1303 {gs
231 1189 491 1277 osoniou
522 1189 562 1276 s
588 1130 760 1276 eursu
790 1189 1188 1276 inconcussis

560 1342 858 1429 uoocnnu.

260 1512 416 1598 Orouion
431 1533 597 1598 moderna
618 1531 806 1598 inscribitur
828 1532 998 1598 chronicon
1020 1532 1058 1597 in
1080 1532 1271 1597 monasterio

152 1621 280 1688 Montis
296 1621 330 1687 S.
343 1621 433 1686 Petri
449 1620 660 1701 Erfordcnsis
679 1621 887 1703 conscriptum
909 1620 946 1686 in
963 1621 1082 1686 dnobrcs
1103 1621 1269 1701 codicibcu,

115 1731 285 1793 equorum
309 1711 389 1776 aiter
411 1708 568 1792 inteyrunc
591 1710 647 1775 hoc
670 1730 754 1790 opus,
779 1709 860 1774 atter
881 1708 1010 1774 initiunt
1029 1709 1096 1774 cius
1119 1709 1271 1792 continu,

150 1799 355 1882 quiquidem
384 1799 494 1864 titulus
522 1798 560 1863 in
590 1797 641 1862 his
670 1797 826 1863 codicibus
847 1799 1016 1880 praefinio
1038 1804 1083 1862 est
1104 1798 1271 1880 scriptiun-

152 1889 242 1954 crdae
265 1887 411 1953 chronico
428 1887 553 1952 Montis
569 1888 603 1952 S.
616 1885 707 1952 Petri
723 1885 935 1968 praecedenti,
959 1907 1024 1968 qua
1046 1889 1084 1952 de
1106 1887 1271 1953 ordinibus

151 1977 313 2059 rehbiosis
335 1975 469 2042 diversis
491 1975 680 2058 temporibus
701 1995 798 2056 usque
821 1977 865 2040 ad
885 1996 966 2041 saco.
985 1975 1097 2040 XIII.
1124 1976 1272 2056 fundatis

151 2067 287 2131 relatum
310 2073 363 2146 est,
387 2085 486 2146 neque
515 2071 621 2130 tamen
643 2065 688 2130 ad
708 2064 791 2129 hono
813 2065 942 2146 sotam1,
973 2085 1053 2146 quae
1084 2065 1172 2129 untho
1202 2065 1300 2140 iure,

113 2153 282 2220 1ocrouica
305 2153 469 2235 diceretur,
493 2155 549 2218 sed
576 2155 621 2218 ad
642 2152 811 2218 chronicon
833 2173 964 2234 sequens
986 2175 1017 2218 a.
1033 2159 1270 2242 ,loro—1355.

145 2243 350 2324 potissimum
382 2249 517 2324 spectat,·
551 2243 635 2323 quod
667 2249 799 2324 apparet
831 2262 870 2306 cn
903 2263 950 2322 eo,
986 2244 1071 2322 quod
1102 2242 1139 2307 in
1168 2243 1272 2308 codice

154 2333 187 2397 S.
219 2331 311 2397 Petri
347 2331 560 2410 Ersordensis
597 2329 787 2396 Ehhehardi
831 2330 1001 2396 chronicon
1046 2329 1272 2396 additamentis

151 2428 279 2487 auctum
309 2419 506 2486 continente²
528 2421 573 2486 od
594 2420 756 2484 α.1070.8
776 2439 876 2484 manu
904 2439 984 2484 saec.
1004 2417 1106 2483 XIV.
1130 2420 1270 2502 αᾱαανέρ-

152 2515 217 2574 turn
247 2508 309 2574 sit:
342 2509 435 2574 Noto
469 2511 513 2574 ab
542 2511 610 2573 iste
640 2511 736 2593 purte
771 2508 894 2593 incipit
923 2509 1061 2573 cronica
1095 2510 1268 2574 moderna.

111 2626 142 2664 ια
157 2599 244 2679 Quae
277 2599 430 2662 nrodcrna
463 2597 689 2661 nominabatur
720 2602 860 2678 respectu
894 2595 1074 2662 Annalium
1104 2597 1270 2678 Lampcrti

152 2685 393 2766 Herssebdensis
414 2685 451 2750 in
474 2685 588 2750 eisdem
612 2684 768 2751 codicibus
789 2684 863 2750 inuio
885 2685 1151 2768 praecedentium,
1175 2685 1269 2751 conti-

152 2775 305 2840 nuatione
327 2774 522 2854 Fafordcnsi
545 2797 575 2839 a.
595 2779 829 2840 loto—1181.
853 2781 1025 2840 auctorum.
1069 2773 1147 2840 Onna
1169 2774 1270 2857 icitur

152 2863 218 2928 iarn
240 2863 443 2929 saecsXIV.
467 2863 614 2930 monachi
628 2863 754 2928 Montis
772 2863 806 2929 S.
823 2863 914 2928 Petri
936 2863 993 2929 hoc
1015 2861 1103 2928 tituh
1125 2863 1177 2928 rui
1194 2863 1268 2946 sint,

154 2953 244 3018 nobis
266 2974 336 3018 euno
359 2973 519 3018 muniere
541 2951 692 3018 conuenit.

111 3075 143 3115 20
261 3042 365 3122 Atque
383 3040 442 3106 itta
458 3041 780 3124 suentiuncuta,qua
799 3040 927 3106 ordines
948 3041 1090 3124 reticiosi
1112 3063 1269 3107 recensen-

153 3136 214 3212 tur,
233 3129 413 3212 pracmcsso
429 3130 493 3196 hoco
508 3131 644 3210 quodam
666 3135 695 3194 et
716 3129 1116 3195 subiunctoabioa.1274.
1140 3151 1178 3195 ec
1197 3130 1270 3196 Gro-

152 3219 228 3284 nica
251 3220 403 3284 moderna
424 3217 566 3300 sumptis,
589 3217 719 3283 mininie
742 3220 782 3284 ab
804 3217 898 3283 initio
920 3217 1019 3283 eidem
1041 3219 1187 3291 cronicae
1202 3239 1270 3284 con

151 3307 264 3374 iuncta
285 3307 359 3389 suit,
383 3327 481 3389 neque
503 3329 525 3372 a
546 3306 698 3373 monacho
720 3306 845 3372 Montis
869 3307 902 3372 S.
920 3306 1019 3388 Petri,
1046 3308 1103 3372 sed
1122 3329 1145 3370 a
1166 3307 1271 3387 fratre

154 3397 291 3478 qudam
313 3395 437 3462 ordinis
459 3395 629 3460 Minorurn
651 3395 829 3478 conscripta
850 3395 974 3460 ridetur
991 3396 1086 3474 cosei,
1111 3417 1209 3476 neque
1230 3395 1269 3476 is,

113 3485 209 3567 aqui
224 3505 294 3550 eam
314 3484 469 3550 Granicoe
482 3487 651 3550 modernae
668 3485 831 3568 praefinit,
856 3486 938 3550 iocos
959 3503 998 3549 en
1012 3485 1119 3548 eaden
1134 3489 1272 3565 nuptos

153 3572 416 3640 animaduertisse
444 3573 576 3654 uidetur,
607 3573 663 3656 qui
691 3594 756 3638 non
786 3573 833 3638 bis
854 3575 962 3639 eadem
983 3573 1088 3638 eodem
1109 3571 1147 3638 in
1169 3572 1271 3639 codice

152 3661 381 3744 duncnnseet.
433 3662 513 3729 Ouia
542 3683 615 3728 vcro
643 3661 680 3726 iu
709 3661 867 3728 codicibus
897 3661 1014 3728 nostris
1043 3663 1145 3728 attera
1178 3661 1272 3727 atteri

155 3891 182 3956 1)
205 3889 239 3942 Ut
257 3891 363 3957 quidem
381 3890 417 3946 Ε.
436 3890 484 3944 Br.
504 3889 603 3956 static,
624 3890 692 3942 ‘Das
711 3890 860 3944 chronicon
877 3890 1077 3958 Sampetrinum
1095 3887 1271 3954 Erfnrturse'

154 3961 244 4026 (Dico.
264 3961 340 4030 Dipo
360 3963 442 4026 1867)
456 3979 485 4029 p.
499 3964 524 4016 8.
543 3963 669 4028 apinam
686 3965 731 4016 est.
806 3961 835 4028 2)
854 3961 934 4014 Nunc
958 3964 988 4014 in
1013 3961 1164 4014 bibliotheca
1181 3960 1274 4013 ducati

119 4033 283 4086 eoGotboua
307 4031 463 4096 aduenam
487 4032 523 4096 of.
541 4047 627 4100 supra
650 4049 678 4100 p.
697 4035 740 4098 33,
767 4048 793 4085 n.
814 4031 839 4087 *.
928 4033 956 4100 3)
973 4035 1012 4088 Ac
1030 4033 1078 4085 hoc
1097 4047 1168 4084 anuo
1191 4034 1273 4086 series

154 4119 291 4156 aunomm
308 4105 339 4156 in
355 4103 487 4158 aurunci
504 4105 607 4170 incipit,
626 4103 684 4154 tinet
708 4119 734 4157 a.
755 4105 831 4158 1070.
852 4105 930 4159 1071.
955 4103 1027 4156 narr
1046 4104 1211 4171 odunptum
1228 4105 1271 4157 sit.

154 4177 182 4242 4)
203 4175 279 4240 Quod
294 4181 367 4242 patet
384 4191 419 4228 aa
436 4191 472 4240 co,
496 4174 567 4242 quod
591 4177 622 4226 iu
642 4191 673 4228 oa
691 4173 757 4226 ordo
775 4173 914 4226 Minorem
928 4177 1012 4242 prins
1029 4191 1109 4242 quam
1128 4175 1193 4227 ordo
1211 4175 1271 4240 fra·

154 4252 227 4298 trum
246 4246 466 4300 &adiuturam
490 4246 624 4310 fundans
649 4261 702 4298 esse
726 4245 842 4312 dicatur,
869 4250 892 4297 et
916 4261 950 4298 ca
974 4261 1002 4298 eo
1026 4247 1097 4314 quod
1121 4247 1151 4298 in
1172 4247 1224 4312 fine
1241 4247 1273 4298 dc

151 4317 295 4386 prioibcyio
313 4319 449 4382 fratribus
467 4315 621 4370 Minoribus
638 4333 656 4368 a
674 4316 797 4368 Moriino
816 4316 865 4370 IV.
880 4333 957 4385 papa
974 4317 1037 4370 dato
1054 4317 1159 4384 horitur.
