3186 4844
293 402 328 455 90
373 395 554 453 ANNALES
572 395 766 456 ERPHORD.
783 398 974 457 FRATRUM
991 396 1330 454 PanechTORUM.

205 598 284 652 1235.
294 585 392 666 patre
417 583 673 666 compositionis
697 585 732 647 et
755 582 1003 647 satisfactionis
1032 583 1180 646 formam
1202 581 1240 644 in
1256 580 1409 646 Worma·

200 672 382 737 maruciam
407 671 599 736 differente.
634 671 759 755 Itaque
783 671 900 735 XVII.
924 670 1004 736 Kal.
1029 671 1202 754 Augustil
1223 670 1411 754 imperator

295 779 444 824 sororem
467 761 558 844 regis
573 761 723 843 Anglie²
744 761 873 826 ibidem
887 760 1079 824 Wormetie
1102 759 1274 844 imperiali
1296 759 1411 822 matri·

294 849 409 913 monio
444 849 510 913 sibi
543 848 758 914 sollemniter
792 849 977 933 copulavit.
1029 848 1099 913 Ubi
1131 868 1191 913 rex
1225 848 1411 912 Heinricus

295 937 416 1001 audita
446 939 702 1021 compositionis
732 940 845 1002 forma
868 959 889 1004 a
912 941 1010 1022 patre
1041 937 1261 1023 promulgata
1289 937 1439 1020 iugams

152 1027 381 1098 er.cr.s.r.inire
412 1027 557 1110 paravit.
604 1025 714 1106 Quem
744 1031 843 1112 pater
866 1028 1042 1110 captivum
1065 1030 1179 1091 castro
1202 1025 1410 1091 Heidelberc

295 1116 558 1180 custodiendum
587 1116 735 1180 tradidit
758 1121 815 1180 et⁸
842 1121 920 1200 post
950 1109 1036 1181 bocb
1063 1117 1196 1200 ipsum⁰
1224 1115 1262 1178 in
1284 1113 1412 1179 Rethia

295 1207 408 1268 castro
431 1203 607 1269 Alreheim
631 1206 836 1270 servandum
860 1205 1042 1270 commisit.
1087 1204 1241 1268 Tandem
1270 1203 1412 1288 impera-

295 1297 350 1357 tor
374 1293 488 1357 adbuc
510 1293 637 1358 timens
660 1295 855 1378 peripsum
879 1294 922 1359 ab
946 1294 1069 1358 emulis
1093 1295 1163 1356 suis
1185 1293 1321 1377 imperii
1343 1297 1412 1356 tur-

296 1382 471 1446 bationem
495 1382 618 1458 moliri,
643 1403 704 1466 per
719 1383 895 1467 episcopos
911 1381 1215 1466 salzburgensem⁸
1231 1385 1266 1446 et
1282 1381 1412 1446 Baben·
1423 1403 1449 1442 ιο

296 1471 519 1554 bergensem⁴
558 1472 705 1536 eundem
745 1473 782 1535 in
821 1472 984 1555 Apuliam
1022 1471 1262 1536 transmittens
1300 1473 1412 1535 castro

296 1559 465 1624 Balerne⁵
486 1561 594 1644 recipi
616 1561 803 1624 mandevit.
894 1561 1025 1625 Eodem
1041 1581 1131 1626 auno
1147 1561 1335 1644 imperator
1350 1559 1413 1623 sol·

191 1673 246 1721 1η.
254 1673 286 1716 rs.
296 1649 445 1713 lemnem
469 1650 599 1713 curiam
615 1651 706 1714 circa
729 1649 998 1734 assumptionem
1013 1650 1191 1734 Mogontia
1216 1649 1411 1724 celebravit,

296 1737 425 1802 ibidem
449 1741 632 1803 coronatus
655 1738 856 1804 incedendo.

221 1850 286 1897 erse.
404 1826 480 1891 Hoc
511 1828 616 1891 etiam
647 1849 737 1892 auno
768 1827 927 1891 dominus
961 1849 1051 1912 papa
1081 1825 1268 1910 Gregorius
1302 1826 1412 1889 missis
1423 1845 1449 1884 rs

297 1934 357 1999 per
380 1916 573 1980 universam
604 1917 782 1980 ecclesiam
813 1916 940 1981 litteris
968 1937 1104 1981 crucem
1133 1915 1314 1980 constituit
1342 1935 1413 1998 pre·

298 2003 415 2080 dicari,
445 2025 507 2089 per
537 2005 714 2069 biennium
742 2006 786 2068 ad
809 2005 949 2069 Terram
973 2004 1136 2070 Sanctam
1159 2004 1413 2089 expeditionem

297 2093 473 2176 protelans
483 2093 505 2154 ⁶.

222 2181 595 2354 retradidit
611 2181 803 2356 {6366
818 2205 863 2335 l?
879 2181 1452 2336 teltaptztlllsstltt„

298 2358 485 2424 celebravit
497 2360 518 2421 ⁷.

182 2463 288 2506 Forma
404 2449 481 2512 Hoc
505 2470 595 2514 anno
611 2449 714 2512 VIII.
731 2448 811 2512 Kal.
831 2449 954 2514 Marcii
977 2449 1065 2513 obiit
1088 2449 1226 2513 Ulricus
1249 2448 1347 2512 miles
1371 2448 1414 2512 de

298 2537 554 2602 Tullestete⁰·⁸.
671 2561 673 2564 ·

220 2641 288 2683 uso.
406 2625 553 2690 *Eodem
578 2647 668 2690 enno
692 2647 808 2690 mense
824 2626 917 2691 Maio
941 2627 1126 2692 canonicus
1150 2626 1289 2710 quidam
1313 2645 1510 2708 quen-⁸2³1.

299 2715 378 2778 dam
402 2735 501 2778 suum
525 2717 734 2780 confratrem
757 2716 794 2778 in
811 2715 1011 2780 dormitorio
1028 2716 1255 2780 dormientem
1272 2713 1452 2779 cultellum

299 2803 541 2869 miserabiliter
563 2805 720 2888 peremit.

156 2881 289 2984 ,ἔξζῆἶζ
405 2892 482 2956 Hoc
513 2893 618 2957 etiam
649 2915 740 2958 anno
770 2894 807 2958 in
831 2894 887 2958 die
910 2885 1149 2978 pentecostesf
1176 2913 1302 2976 magna
1330 2896 1414 2956 tem-

299 2984 413 3064 pestas
443 2981 559 3065 pluvie
590 2987 625 3046 et
655 2983 833 3066 grandinis
862 2984 898 3046 in
926 2982 1116 3065 Thuringia
1145 3002 1215 3045 non
1244 2981 1415 3046 modicam

299 3069 419 3133 ovibus
443 3075 478 3134 et
502 3071 675 3154 segetibus
699 3071 821 3135 intulit
844 3071 978 3136 cladem
990 3071 1010 3132 ⁷.

183 3160 289 3245 „⁰225ss
404 3158 482 3224 Hoc
505 3181 596 3224 anno
619 3161 846 3244 Moguntinus
869 3160 1062 3245 Erphordie
1090 3180 1111 3222 a
1132 3159 1246 3223 festog
1271 3159 1453 3222 Martinim

223 3267 405 3331 meusque
436 3250 480 3313 ad
503 3250 655 3314 natalem
680 3249 821 3313 Domini
852 3270 980 3313 moram
1011 3248 1143 3312 faciens
1166 3248 1321 3312 fructum
1344 3267 1416 3332 pre·

211 3495 218 3514 ⁸
298 3457 321 3508 a)
334 3467 361 3498 ac
374 3458 400 3507 P,
414 3462 467 3511 som.
481 3463 541 3501 recte.
595 3459 618 3506 b)
631 3459 663 3497 sle
676 3458 708 3507 Ρ)
721 3457 781 3496 bunc
795 3459 815 3500 1.
868 3455 889 3507 c)
903 3457 1021 3498 absumens
1036 3457 1087 3499 add.
1102 3457 1125 3501 P.
1193 3454 1217 3505 d)
1230 3457 1261 3496 sle
1274 3456 1305 3504 Ρ)
1323 3455 1416 3496 Sancto·

299 3521 347 3550 rum
362 3513 380 3554 1.
430 3512 589 3560 e)'1*ullestelu
604 3516 622 3554 1.
676 3512 853 3563 opuntecostcu
867 3511 892 3554 Ρ.
945 3509 968 3562 g)
981 3512 1054 3551 uncti
1068 3511 1154 3554 ΜΗ.

300 3673 326 3737 1)
343 3673 437 3725 Potius
454 3673 508 3727 lul.
522 3675 563 3727 15.
601 3673 643 3736 Cf.
663 3673 726 3738 Ray.
746 3671 814 3739 Imp.
833 3671 863 3736 V,
878 3673 986 3739 12414,
1005 3687 1049 3725 nr.
1062 3671 1157 3725 20998.
1230 3670 1258 3736 2)
1278 3668 1418 3721 Eleatae

298 3743 596 3810 (Isabellom)scrorcm
608 3743 795 3797 HeinmciIII.
862 3745 890 3810 3)
909 3741 1098 3794 Eberhardum
1112 3741 1150 3795 II.
1223 3741 1251 3808 4)
1268 3741 1453 3795 EcbertumM

302 3815 368 3866 Vim
385 3831 415 3866 ca
434 3831 499 3881 qma
521 3816 551 3864 in
576 3813 654 3868 Grec.
674 3815 701 3867 S.
721 3815 797 3866 Petri
818 3821 974 3880 sequuntur.
1012 3813 1055 3877 Cf.
1075 3813 1138 3877 Ray.
1157 3813 1225 3880 Imp.
1252 3813 1282 3878 V,
1304 3829 1334 3880 p.
1355 3814 1414 3878 795,

298 3903 342 3940 nr.
360 3888 432 3941 4383
439 3903 464 3953 g.
549 3884 577 3952 5)
596 3885 737 3951 quuam
757 3885 901 3936 Heinricm
919 3884 1057 3948 Panormi,
1075 3899 1156 3950 quam
1173 3885 1305 3936 mmmmm
1323 3889 1417 3935 eumer

297 3957 398 4010 dixisse
423 3957 536 4020 videtur,
563 3955 682 4008 detentam
709 3962 752 4007 est.
843 3954 871 4023 6)
900 3956 966 4007 Vide
992 3958 1049 4006 dus
1078 3955 1204 4022 eplstclcs
1233 3954 1258 4008 d.
1284 3955 1311 4008 d.
1338 3956 1415 4009 1234.

298 4029 365 4083 Noc.
385 4031 426 4082 17.
445 4030 494 4090 22,
519 4025 641 4078 Pottlmct
664 4043 708 4080 nr.
727 4028 805 4082 9765.
825 4029 913 4088 9769,·
937 4027 990 4093 Ep.
1005 4032 1081 4094 pout.
1099 4027 1146 4080 sel.
1164 4025 1191 4090 I,
1213 4043 1242 4093 p.
1261 4027 1415 4088 491-495,

297 4116 342 4154 ma
361 4101 420 4156 605.
440 4101 500 4154 606.
592 4099 618 4164 7)
638 4097 717 4152 Crem
738 4099 764 4151 S.
778 4098 853 4149 Petri
869 4098 932 4149 haec
950 4099 986 4148 ad
1003 4114 1029 4153 a.
1044 4100 1122 4154 1234.
1141 4097 1225 4152 ham.
1315 4098 1344 4164 8)
1365 4097 1453 4148 Hem

298 4173 414 4222 occurrit
441 4172 471 4221 in
495 4171 591 4235 comm,
616 4175 646 4221 ut
670 4170 892 4234 α.1212.1217,
921 4169 1015 4234 Beyer,
1041 4169 1109 4223 ‘UB.
1135 4170 1162 4220 d.
1185 4169 1223 4222 st.
1247 4167 1366 4232 Erfurt'
1392 4167 1416 4232 Ι,

294 4258 324 4308 p.
343 4244 386 4296 34.
405 4244 448 4306 41,
472 4256 515 4293 nr.
528 4242 571 4295 71.
586 4243 637 4301 79,·
661 4257 686 4294 a.
707 4243 785 4295 1225.
805 4241 883 4305 1228,
910 4239 987 4305 Rcin,
1011 4239 1095 4294 Tbm.
1113 4255 1193 4292 sacra
1211 4240 1234 4306 I,
1253 4256 1284 4308 p.
1298 4241 1415 4300 77-80,

297 4327 341 4363 nr.
361 4313 403 4364 36.
423 4313 465 4365 38.
485 4312 529 4374 39,
547 4317 590 4364 etc.
627 4311 694 4361 Fue
718 4313 812 4376 pontia,
836 4313 912 4362 cuiue
937 4327 1066 4376 cpnomen
1090 4319 1149 4364 erat
1170 4311 1279 4365 stram.
1315 4309 1417 4361 Milites

96 4442 195 4472 ᾳ
298 4380 330 4431 de
352 4380 494 4432 Tullestes'n
512 4383 542 4430 in
560 4383 667 4446 racione
685 4381 850 4444 Erfordensi
867 4397 920 4434 non
937 4384 1120 4442 inveniuntur.
