3248 4856
392 397 584 456 Cleomene
602 400 766 458 MINORIS
785 401 983 457 APPENDIX
1000 401 1056 458 111.
1234 405 1287 460 713

275 575 355 660 Eelix
369 595 445 660 'pepe
463 577 519 636 111.
539 579 670 663 instituit
688 579 814 636 ecclesius
838 582 874 635 ub
895 579 1036 652 episcopis,
1054 598 1124 636 non
1142 581 1183 636 eb
1202 557 1415 660 eliiscffl'issf'

169 649 397 717 presbiteris
415 666 577 707 consecrem.

275 717 446 775 Melchisdes
469 739 542 791 pepe
567 722 708 777 constituit
733 723 778 778 die
798 723 936 778 dominico
957 724 1057 796 [nont]
1076 722 1402 785 hirundinei-spese
1410 747 1442 786 sq.

168 861 187 915 b
238 861 257 915 d
275 789 430 915 Piustpepe
447 793 584 862 recipit
605 794 641 847 eb
658 796 766 864 angelo,
784 794 859 864 quod
876 794 978 864 peschs
995 795 1040 849 dis
1059 794 1196 849 dominico
1215 794 1286 850 cele·
1297 807 1408 857 cepeto.

146 873 159 914 e
188 879 237 915 run
257 879 303 914 um
322 880 364 916 si.

275 931 449 988 Eleuteriuse
472 952 545 1005 pepe
563 939 591 990 et
605 935 702 992 Victor
718 954 790 1007 pepe
802 936 826 996 I.
845 938 1078 994 constituerunt
1096 935 1169 991 diem
1187 936 1438 1006 pescheopcsosq.

168 1003 213 1058 dis
232 1003 369 1058 dominico
389 1005 593 1064 celebrandum.

274 1075 475 1145 'lheiesphorus
492 1095 566 1147 pepe
583 1078 733 1146 constituit,
758 1083 789 1132 ut
807 1079 1015 1150 quadragesime
1039 1078 1107 1134 fieri
1133 1079 1407 1141 deberetopcse.

133 1228 158 1268 1⁰
167 1149 231 1300 ‘nt-e
249 1147 411 1303 imaus
435 1236 508 1288 pepe
525 1217 548 1276 Ι.
575 1220 715 1303 constituit
739 1221 784 1275 die
810 1222 948 1276 dominico
974 1221 1128 1277 celebrari
1155 1226 1184 1277 et
1211 1225 1409 1284 sexteopcco.

168 1290 237 1344 fene
254 1306 389 1344 ierunerr
406 1294 522 1360 propter
538 1308 691 1362 passionem
709 1291 828 1349 Domini.

273 1360 332 1415 Leo
350 1378 421 1430 pspu
439 1360 462 1417 L
482 1363 622 1416 constituit
640 1363 741 1418 ieiunis
758 1362 853 1418 111101·
873 1367 1037 1434 temporum.
1296 1378 1407 1426 upum.

273 1430 454 1487 Innocencius
471 1451 545 1503 pepe
555 1433 612 1490 111.
631 1434 773 1489 constituit
785 1435 905 1506 vigilius
917 1436 1104 1560 apostolorum
1123 1452 1200 1489 cunr
1219 1435 1407 1498 istu-upon

167 1502 226 1556 nio
252 1502 389 1558 serrari
413 1509 539 1573 preter
557 1504 677 1575 Philippi
703 1510 731 1560 et
749 1505 865 1561 *Iecobi
890 1511 918 1562 et
951 1507 1065 1561 ohannis
1084 1506 1258 1576 ewangeliste
1267 1507 1285 1563 ¹.
1295 1519 1362 1568 *nuc

132 1602 157 1642 ro
274 1592 424 1663 Gregorius
448 1610 521 1663 pepe
539 1593 564 1650 1.
588 1594 729 1648 constituit
754 1595 883 1649 letaniam
909 1593 1041 1650 maiorem
1063 1607 1137 1648 cum
1159 1589 1407 1658 ieiunioupses.

274 1675 336 1733 Leo
358 1693 441 1751 pepe
464 1675 521 1734 111.
545 1678 711 1735 constituit
732 1677 920 1754 rogationes.

274 1752 396 1806 Oelixtus
414 1770 486 1822 pepe
497 1751 521 1809 I.
540 1754 682 1810 constituit
700 1754 801 1810 ieiunis
818 1754 996 1810 similiter
1012 1753 1107 1810 mlor
1121 1758 1286 1824 temporum,
1295 1769 1406 1820 reptes.

168 1830 196 1879 et
214 1825 291 1894 ipse
309 1824 475 1878 cimiterium
494 1825 622 1882 instituit.

274 1895 368 1950 Sixtus
392 1913 463 1966 pepe
488 1895 558 1950 ΠΙ.1
582 1898 731 1966 constituit,
757 1901 788 1951 ut
810 1897 892 1951 misse
917 1898 1071 1953 celebretur
1095 1915 1177 1968 super
1201 1898 1406 1960 sileremus.

130 1979 261 2022 tererem
278 1968 412 2021 orientem
431 1971 459 2022 et
476 1984 532 2021 non
550 1968 631 2023 aliter
638 1969 656 2024 ⁸.

273 2037 414 2108 Eugeniue
439 2056 510 2108 pepe
529 2037 568 2094 11.
596 2039 745 2108 constituit,
763 2044 796 2095 ut
812 2039 919 2094 nullum
938 2039 1025 2094 sltsre
1043 2043 1218 2094 consecretur
1234 2038 1287 2092 nisi
1296 2053 1406 2104 suffers.

168 2109 324 2179 lapideum,
349 2113 378 2164 st
395 2110 544 2179 constituit,
571 2109 644 2180 quod
661 2111 798 2181 presbiter
815 2128 871 2166 non
897 2111 1034 2165 celebret⁴
1059 2111 1111 2164 nisi
1136 2111 1233 2165 sulcem
1251 2110 1287 2164 sd

166 2181 257 2306 ιᾶιίἔιὲι
275 2197 358 2305 ιιιέξιιι
369 2181 492 2263 tobielem
511 2187 707 2250 consecratum,
725 2183 830 2238 scilicet
848 2183 935 2236 altere
953 2182 1091 2251 portatile,
1110 2185 1138 2236 et
1150 2199 1213 2236 cum
1225 2181 1287 2235 eliis

186 2269 201 2307 e
221 2269 266 2306 11s
285 2269 301 2306 n
327 2268 449 2308 menone.

130 2333 157 2374 rs
274 2322 384 2378 Primus
402 2339 483 2393 pepe,
501 2323 673 2394 princepe
691 2326 905 2394 apostolorum
917 2323 1016 2379 Petrus
1029 2323 1167 2378 ordinavit
1185 2323 1457 2388 helenupoleos.

168 2413 308 2482 episcopos
328 2415 362 2466 et
378 2412 544 2481 presbiteros
560 2416 595 2468 et
611 2413 758 2482 dyssenos,
775 2408 934 2465 Zacheum
950 2407 1078 2475 scilicet,
1095 2405 1285 2474 Cornelium,

168 2495 373 2572 Stephanum,
403 2494 528 2566 Linum,
559 2494 695 2566 (lictum,
726 2496 932 2565 Clementem,
956 2501 1119 2567 Leserum,
1144 2498 1286 2568 Apollinu-

169 2606 255 2657 rem,
273 2589 463 2656 hieroclem,
482 2590 652 2659 Dyonisium,
670 2589 829 2645 Meternum
848 2589 880 2642 et
902 2585 1008 2660 ipsum
1030 2583 1189 2641 doctorem
1212 2599 1285 2657 gen-

170 2672 250 2729 tium
273 2677 419 2730 sanctum
434 2673 568 2731 Paulum
592 2677 625 2732 et
647 2673 764 2732 multos
786 2674 875 2742 elice,
899 2690 978 2748 quos
1001 2671 1088 2730 misit
1102 2671 1215 2729 Petrus
1230 2688 1286 2746 per

134 2761 294 2818 ecclirerse
324 2763 392 2820 loca
421 2763 581 2838 predicere
611 2762 742 2820 verbum
771 2755 846 2820 'Dei
876 2765 908 2819 et
936 2761 1080 2837 pleutere
1109 2760 1361 2828 ecclesiamnrss.

169 2849 316 2908 Similiter
338 2855 371 2908 et
393 2851 446 2908 alii
460 2852 604 2927 apostoli,
629 2868 702 2909 cnm
717 2855 824 2908 essent
839 2866 949 2908 omnes
964 2849 1197 2925 archiepiscopi,
1219 2849 1285 2924 plu·

168 2940 263 2997 rimos
286 2939 535 3015 archiepiscopos
558 2944 592 2999 et
613 2941 775 3016 episcopos
791 2944 824 2997 et
846 2940 1035 3016 presbiteros
1050 2939 1284 2996 ordinaverunt.

275 3017 425 3071 Anecletus
449 3035 522 3088 pups
545 3021 627 3088 post
645 3016 772 3071 Petrum
791 3015 846 3072 111.
866 3016 1016 3085 constituit,
1035 3015 1148 3085 qucd⁶
1166 3014 1286 3085 episcopi
1296 3031 1407 3078 septu.

168 3087 252 3142 ieiuni
269 3088 398 3143 ordinent
416 3089 528 3143 clericos
547 3093 582 3142 et
600 3106 662 3142 cum
681 3088 770 3144 misse

132 3177 159 3218 eo
275 3158 368 3228 Geyus
386 3176 458 3229 pepe
477 3159 618 3213 constituit
635 3159 744 3213 ordines
762 3159 938 3213 clericorum:
956 3158 1127 3226 hostiarium,
1145 3159 1285 3226 lectorem,
1295 3175 1324 3216 u.
1329 3173 1407 3222 etos.

169 3230 341 3298 exorcistam,
360 3231 498 3300 ecclitum,
516 3231 730 3300 subdyaconum,
748 3230 910 3299 dyaconum,
928 3228 1117 3299 presbiterum¹

275 3300 455 3356 Innocencius
479 3318 551 3371 pepe
575 3301 600 3358 1.
626 3301 774 3368 coustituit,
800 3306 832 3354 ut
856 3302 916 3370 quis
942 3317 1036 3356 cerens
1061 3299 1153 3368 aliquo
1172 3299 1407 3365 menbrorupsw.

169 3372 283 3426 clericus
300 3388 357 3426 non
373 3371 461 3428 ficret.

275 3441 401 3498 Gelesius
439 3461 491 3513 eps
509 3443 532 3500 1.
552 3443 701 3512 constituit,
726 3447 757 3497 ut
776 3443 806 3497 in
825 3442 920 3497 [mor
939 3441 1110 3512 temporibus
1128 3445 1157 3496 et
1174 3441 1208 3495 in
1227 3443 1406 3508 seb-opere.

128 3515 234 3574 sobeto
259 3519 353 3569 sencio
378 3531 395 3568 o
430 3516 487 3570 ines
513 3515 701 3584 celebrentur;
727 3521 754 3569 et
773 3514 923 3583 coustituit,
941 3513 1015 3584 quod
1033 3512 1125 3567 clerici
1144 3511 1287 3566 ordinandi

169 3585 204 3639 de
222 3585 287 3652 rite,
314 3585 354 3640 de
379 3590 461 3654 etate,
486 3587 521 3641 de
545 3585 678 3669 progenie
703 3591 730 3639 et
755 3585 796 3640 de
821 3584 935 3640 scientie
953 3585 1025 3639 iussu
1045 3583 1166 3653 episcopi
1184 3583 1286 3638 exerm-

168 3661 268 3781 ngriilhrr
286 3662 315 3711 et
332 3657 514 3726 intytuleutur
531 3657 623 3728 dign13
650 3661 678 3711 et
696 3657 910 3724 constituit,
928 3656 1002 3726 quod
1020 3655 1090 3709 servi
1108 3654 1214 3724 proprii
1231 3671 1287 3708 uon

168 3745 184 3781 o
222 3728 337 3782 'nentur

166 3893 190 3938 s)
205 3899 248 3929 om.
262 3900 280 3933 c.
333 3889 356 3939 b)
370 3889 459 3930 lelunun
473 3901 530 3933 aas.
583 3894 604 3938 c)
618 3889 744 3929 Eleuterlus
758 3901 777 3931 c.

125 4052 155 4092 ω
168 4033 196 4099 1)
214 4031 285 4084 Noto
303 4031 374 4084 luno
391 4033 474 4084 locum
490 4033 606 4101 propius
622 4047 703 4099 pesam
716 4031 796 4086 Cres.
809 4030 942 4083 Minorem
960 4030 997 4081 ad
1008 4031 1084 4084 Decr.
1099 4030 1228 4095 &spodi
1236 4027 1286 4082 lx.

167 4105 185 4158 l.
205 4103 266 4168 ΙΙΙ,
292 4104 333 4158 til.
351 4105 396 4168 46,
425 4119 445 4158 c.
467 4106 495 4158 2.
522 4103 648 4166 caeder,
674 4104 759 4155 umes
785 4104 864 4153 deum
891 4103 920 4155 et
946 4099 1080 4166 Bersabe,
1107 4100 1177 4167 quod
1202 4115 1287 4168 capre

163 4193 193 4244 p.
209 4175 270 4240 647,
290 4175 307 4227 l.
322 4177 364 4230 19.
380 4175 424 4230 20.
445 4175 551 4240 lepitur,
563 4174 608 4228 secl
619 4175 649 4226 in
662 4175 772 4226 umaro
784 4175 868 4242 capilo
879 4173 954 4226 decet.
1007 4173 1037 4240 2)
1050 4171 1104 4224 Hc
1115 4173 1211 4223 tatius
1222 4171 1288 4222 dici·

166 4253 225 4310 tur,
242 4248 308 4312 prelo
325 4261 412 4314 aspro
435 4263 463 4314 p.
482 4248 535 4302 554
553 4263 590 4314 sq.
616 4245 712 4298 sistus
729 4245 769 4299 ΙΙ.
794 4245 835 4296 be
855 4245 960 4311 pesitus
983 4248 1029 4298 eet.
1106 4243 1134 4308 3)
1150 4243 1194 4294 Sic
1212 4241 1288 4294 lale

165 4317 242 4370 eolus
258 4317 339 4369 codex
358 4318 382 4370 C
392 4319 406 4371 l
425 4333 511 4384 aspra
532 4335 562 4385 p.
582 4319 643 4380 555,
667 4332 695 4371 ιι.
714 4315 740 4370 b.
822 4317 849 4382 4)
879 4315 947 4366 Noto
966 4315 1098 4366 lectionem
1116 4313 1234 4366 codicem
1253 4315 1287 4368 A.

125 4389 192 4450 ωδ
208 4390 235 4443 2.
307 4390 335 4454 5)
353 4387 425 4440 Noto
443 4388 573 4440 zeelem
592 4387 687 4440 odeis
707 4389 764 4442 02.
