3236 4850
307 313 359 368 296
449 308 617 366 GRONIOA
630 309 659 368 S.
668 309 784 376 PETRI
795 309 1056 366 ERFORDENSIS
1069 309 1158 366 Mol).
1177 312 1213 367 A.
1225 315 1300 370 1290.

216 499 293 557 1290.
303 493 503 558 nobiscuml
529 493 567 556 in
597 492 746 557 claustro
775 497 893 557 nostro
923 512 999 557 cum
1028 492 1160 559 clericis
1184 495 1263 568 suis,
1288 495 1420 579 reliqua

303 582 437 646 familia
453 585 550 646 extra
565 581 753 646 claustrum
776 583 812 645 in
828 582 975 647 officinis
992 582 1134 648 ecclesie
1158 587 1273 649 nostre
1297 583 1420 649 melius

304 670 481 735 collocata.
530 669 595 734 Oui
625 671 762 734 domino
792 669 944 735 Rudolfo
979 671 1235 757 archiepiscopo
1268 673 1419 738 testimo-

304 760 400 823 nium
430 759 658 842 perhibemus,
690 759 782 842 quod
812 758 933 843 plenus
968 753 1132 824 caritateb
1164 763 1200 825 et
1234 761 1419 826 dilectione

304 848 606 931 congregacionem
636 852 798 925 nostram,
822 852 894 912 tam
925 848 1095 932 professos
1124 869 1227 932 quam
1257 851 1452 927 novicios,s

136 935 340 1010 narratarum
364 940 416 1002 θεὴ
439 936 595 1014 scolares,
621 955 714 1001 more
737 937 865 1020 galline
889 937 1038 1001 foventis
1062 936 1174 1020 pullos
1198 957 1277 1002 suos
1300 938 1420 1002 multis

304 1026 478 1090 beneficiis
501 1046 563 1091 nos
586 1025 674 1089 fovit
698 1029 733 1090 et
757 1026 899 1089 cottidie
924 1026 967 1089 ad
991 1045 1143 1091 mensam
1167 1047 1263 1090 suam
1286 1048 1348 1091 nos
1371 1028 1419 1090 in·

302 1114 416 1178 vitans
440 1114 522 1178 satis
546 1113 688 1196 largiter
710 1135 772 1178 nos
794 1114 917 1178 reiecit
940 1135 1001 1198 per
1016 1114 1176 1179 undecim
1199 1116 1418 1199 septimanas,

303 1203 428 1286 quibus
452 1206 538 1286 aput
560 1223 622 1266 nos
644 1203 761 1267 fuerat
784 1203 988 1286 hospitatus.

143 1313 292 1357 naim-1⁸.
408 1292 500 1356 Item
544 1291 637 1355 infra
678 1294 832 1356 octavam
878 1292 1103 1356 ascensionis⁰
1147 1292 1311 1356 Dominil
1349 1293 1419 1357 dux
1430 1315 1456 1352 ιο

302 1380 452 1458 Austrie,
482 1381 574 1463 regis
597 1380 829 1444 Romanorum
858 1379 959 1456 filius,
991 1380 1078 1444 obiit
1101 1381 1221 1464 Pragis
1251 1381 1344 1465 apud
1370 1402 1418 1446 re·

303 1489 380 1552 gem
405 1471 440 1534 et
462 1469 614 1550 reginam
640 1468 855 1545 Boemorum,
880 1463 1050 1533 sororemll
1077 1489 1189 1546 suam;
1218 1471 1274 1534 cui
1297 1471 1341 1534 ad
1364 1491 1418 1554 pe·

302 1558 463 1622 ticionem
494 1557 580 1621 dicti
609 1557 719 1640 regis⁰
755 1551 1023 1621 celebravimusf
1057 1557 1225 1623 solemnes
1258 1559 1418 1641 exequias

301 1651 466 1729 tanquam
489 1645 641 1730 presenti
663 1646 701 1709 in
720 1647 823 1711 choro
845 1649 997 1724 nostross,
1022 1647 1238 1730 presentibus
1261 1647 1418 1712 omnibus

302 1734 528 1800 conventibus
557 1733 794 1818 religiosorum
825 1738 860 1799 et
891 1734 1051 1818 capitulis
1079 1734 1279 1800 clericorum
1304 1739 1339 1800 ct
1362 1757 1418 1820 po·
1429 1755 1454 1795 ιε

302 1817 406 1908 puloh
426 1823 586 1888 civitatis.
626 1821 691 1886 Oui
707 1822 894 1888 celebravit
909 1824 1054 1906 primam
1077 1824 1215 1887 missam
1237 1825 1417 1908 episeopus

303 1912 523 1989 Larentinus,
552 1912 739 1976 secundam
763 1911 941 1976 Cristanus
971 1912 1150 1996 episcopus
1174 1906 1416 1990 Samniensis¹,

301 2001 443 2065 terciam
468 1994 647 2065 dominusk
673 2001 949 2084 archiepiscopus
973 2000 1259 2085 Salczburgensis.
1356 2002 1417 2066 Ilo·

215 2083 396 2156 rmadem¹
427 2090 535 2155 eciam
568 2109 658 2154 anno
688 2091 743 2154 die
774 2090 931 2172 sequenti
959 2091 1068 2153 sancti
1100 2090 1272 2154 Bonifacii
1305 2109 1418 2155 conse-

301 2182 415 2242 cratus
439 2183 491 2243 est
514 2198 622 2242 novus
646 2179 770 2242 chorus
794 2178 925 2262 capelle
949 2178 1050 2243 beate
1068 2179 1210 2262 virginis
1234 2200 1254 2243 a
1278 2180 1454 2244 dominoso

301 2266 460 2331 Conrado
484 2267 642 2352 episcopo
659 2266 859 2344 Larentino,
884 2271 1042 2352 presente
1065 2268 1254 2332 venerabili
1277 2268 1415 2333 domino

198 2381 248 2422 na.
258 2381 289 2422 11.
300 2356 556 2440 archiepiscopo
580 2356 855 2440 Salcnburgense.
946 2357 1039 2420 Item
1061 2357 1097 2420 in
1122 2356 1177 2421 dte
1201 2357 1312 2421 sancti
1336 2356 1416 2420 Bar·

300 2444 389 2510 nabe
413 2449 647 2510 consecratum
664 2449 717 2510 θεὴ
740 2447 848 2510 altare
872 2445 982 2509 sancti
999 2444 1194 2508 Leonhardi
1217 2467 1238 2509 a
1261 2447 1416 2529 predicto

301 2534 438 2598 domino
469 2534 628 2618 episcopo
658 2533 859 2611 Larentino,
890 2535 1048 2617 presente
1079 2533 1217 2598 domino
1253 2535 1417 2619 archiepi-

301 2642 402 2707 scopo
419 2622 694 2706 Salozburgensi;
720 2626 756 2687 et
775 2622 894 2686 eodem
918 2622 974 2686 die
997 2622 1092 2686 facto
1115 2623 1260 2707 prandio
1283 2623 1326 2687 ab
1350 2623 1454 2707 epi-so

301 2731 402 2795 scopo
424 2710 617 2774 introducti
640 2713 721 2774 sunt
744 2711 948 2794 penitentes,
974 2715 1009 2776 et
1025 2711 1093 2776 duo
1116 2711 1213 2775 milia
1236 2713 1271 2776 et
1294 2731 1334 2776 eo
1351 2733 1417 2774 am-

300 2798 391 2883 plius
426 2799 553 2863 diversi
587 2819 686 2864 sexus
716 2803 752 2864 et
781 2800 884 2864 etatis
914 2803 995 2863 sunt
1029 2801 1231 2865 confirmati.
1340 2800 1418 2864 Hoc

194 2887 439 2958 nassaeciamm
462 2908 553 2952 anno
582 2889 619 2952 in
650 2892 771 2952 octava
800 2890 1049 2971 penthecosten
1072 2889 1237 2953 Albertus
1268 2886 1417 2971 lantgra-

299 2977 375 3040 vius
406 2975 597 3059 Thuringic
631 2976 716 3041 iecit
749 2977 786 3039 in
817 2977 935 3041 Monte
971 2976 1090 3040 Sancti
1119 2977 1234 3041 Petri¹¹
1268 2977 1418 3042 sedecim

299 3086 404 3131 novos
434 3065 573 3140 milites,
606 3069 763 3148 presente
797 3071 898 3149 rege⁰
925 3065 1157 3129 Romanorum
1188 3086 1227 3130 ac
1262 3065 1417 3150 singulos
1429 3086 1455 3124 ro

300 3153 445 3237 singulis
474 3153 600 3238 gladiis
630 3155 852 3238 precingente
879 3155 917 3217 in
940 3154 1116 3238 presencia
1140 3154 1290 3218 militum
1314 3153 1417 3238 pluri·

299 3247 467 3306 moruml.

254 3403 290 3420 ..
406 3331 536 3396 'Item‘l
562 3333 600 3394 in
630 3331 685 3395 die
716 3331 827 3396 sancti
850 3329 1006 3395 Udalrici
1036 3331 1240 3396 confessoris
1268 3352 1328 3397 rex
1351 3332 1419 3395 Ro·

299 3439 477 3483 manorum
516 3420 735 3504 desponsavit
772 3441 876 3483 unam
910 3419 1080 3503 virginem
1117 3421 1419 3504 consanguineam

299 3508 427 3587 suam²,
452 3509 494 3574 de
517 3508 707 3592 longinqua
724 3508 863 3592 regione
887 3530 947 3593 per
963 3508 1265 3575 Oonstanciensem
1288 3509 1379 3593 episc
1387 3528 1419 3573 ο·
1430 3537 1459 3577 as

301 3699 324 3749 ι)
338 3699 410 3741 comit.
423 3694 547 3750 hospitatur
560 3699 787 3739 milnclnustro
808 3699 912 3739 sancti
931 3699 1034 3750 Petri,
1056 3699 1233 3749 quisi-atre·
1248 3699 1422 3749 xtmprtmantn

301 3752 348 3792 suls
357 3752 472 3793 beneflciis
481 3753 538 3793 fovit
552 3757 576 3792 et
583 3749 676 3792 cottidie
690 3751 719 3791 sd
728 3763 826 3794 menum
840 3753 938 3793 lovium
952 3753 1045 3804 largiter
1060 3753 1182 3793 tratres
1197 3753 1275 3794 refecit
1289 3754 1387 3792 ὺνθυίαεα
1398 3753 1423 3795 Ε.

301 3805 325 3856 b)
339 3805 448 3845 charitate
461 3808 481 3848 1.
541 3807 561 3853 c)
575 3803 662 3845 Eodem
676 3817 735 3845 anno
749 3807 808 3846 circe
821 3807 973 3846 mccmionem
986 3805 1013 3849 Ε.
1075 3802 1099 3856 d)
1113 3817 1206 3847 uxorem
1220 3807 1246 3851 Ε.
1306 3807 1329 3858 θ)
1342 3807 1423 3846 Roma-

302 3869 381 3898 norum
396 3859 446 3901 odd.
459 3859 485 3902 s.
551 3857 696 3908 ncelebrate
710 3864 761 3899 suut
774 3859 815 3902 rol.
829 3859 923 3908 exequie
937 3859 963 3902 Ε,
977 3860 997 3898 Β
1011 3859 1055 3909 (ex.
1069 3856 1119 3910 sol.)
1179 3863 1202 3910 g)
1216 3857 1292 3901 Sancti
1306 3861 1367 3900 Petri
1382 3861 1424 3909 (B)

301 3909 392 3954 arsura
406 3912 432 3954 Ε.
485 3911 508 3959 h)
521 3912 581 3952 omni
595 3923 647 3962 pop.
659 3912 702 3954 clv.
716 3909 807 3953 Briord.
822 3911 847 3955 E.
901 3911 917 3963 l)
931 3913 962 3951 stc
976 3915 994 3955 l.
1010 3913 1041 3962 Β,-
1064 3911 1380 3960 &transmittamus
1397 3914 1461 3957 hiso

302 3965 327 4014 h)
340 3967 371 4004 stc
386 3968 404 4006 1.
418 3966 450 4013 R,-
463 3963 573 4005 Rudoltur
588 3966 639 4008 add.
652 3965 679 4009 Ε.
693 3965 721 4008 Ν.
761 3965 777 4014 l)
791 3965 846 4009 nod.
859 3987 887 3996 -
900 3965 1026 4006 confirmati
1039 3967 1067 4012 (l.
1076 3967 1114 4015 27)
1128 3977 1170 4008 om.
1183 3967 1209 4009 Ε.
1250 3965 1280 4014 m)
1295 3964 1381 4008 Eodem
1396 3966 1423 4006 Ε.

301 4017 326 4068 n)
340 4019 362 4058 ln
377 4016 467 4062 Ertord.
481 4019 532 4060 add.
546 4019 597 4108 RE
625 4018 756 4066 o)Rudolfo
770 4019 895 4062 acam,
949 4022 972 4070 p)
986 4030 1018 4059 sc
1032 4019 1188 4060 nobilium
1203 4020 1291 4064 (ΜΕ.
1335 4019 1358 4070 q)
1372 4020 1425 4058 hooc

304 4093 330 4101 -
339 4083 365 4120 p.
378 4072 425 4121 297,
440 4072 456 4113 l.
469 4074 502 4111 11.
517 4083 562 4114 om,
596 4103 601 4115 .

307 4213 335 4278 1)
357 4213 495 4278 liudolfus
508 4215 563 4264 iarn
580 4213 622 4265 die
640 4213 713 4266 Masi
722 4216 748 4270 8.
768 4213 839 4268 obiit,
893 4215 921 4279 2)
943 4214 1127 4281 Margaretam
1141 4215 1227 4279 filiam
1241 4215 1395 4268 Eberhardi
1404 4215 1425 4269 Ι.

307 4286 409 4336 comitis
427 4285 458 4336 dc
477 4285 600 4352 Kyturp,
618 4287 725 4351 coprmti
742 4285 849 4350 liudolfi
867 4287 947 4352 repis.
1436 4303 1462 4341 so
