3254 4862
356 373 408 427 726
585 367 703 424 LIBER
721 365 970 424 GRONIOORUM
988 365 1256 423 ERFORDXNSIS.

356 553 444 618 cissa
489 551 708 618 Gemestaram
730 550 833 632 moes,
857 569 921 632 qua
943 549 1151 616 cimeliorum
1166 549 1348 632 protimus,
1373 549 1470 629 facile

358 640 388 706 ei
417 640 571 722 maclam,
608 639 638 705 si
671 660 769 722 aava,
804 659 844 704 nc
877 644 1035 704 minoren
1066 638 1202 718 fratrea
1230 637 1395 704 Minorem
1421 638 1471 703 ael

358 729 617 796 &abactam
634 728 735 809 fuisse
758 727 928 794 contendas
948 747 1024 792 neae
1045 747 1116 793 enm
1136 726 1324 792 nwnacbmn
1345 725 1471 792 ordinis

361 818 394 884 8.
423 817 591 884 Benedicti
618 838 681 884 nen
710 815 895 883 conomcmn
925 815 1070 882 satane
1100 815 1134 882 8.
1165 815 1299 881 Mariae
1331 815 1471 881 candiae

359 905 468 974 Seueri
489 906 587 973 duas.
1480 923 1495 964 s

465 994 558 1060 Miro
579 996 670 1060 niodo
698 993 899 1078 conpositam
920 999 966 1058 ert
987 993 1044 1060 boc
1065 1013 1142 1075 opas
1165 992 1228 1058 leae
1249 992 1328 1058 coni
1349 992 1470 1058 inanis-

358 1104 417 1167 que
439 1083 587 1167 auctum,
612 1083 701 1150 caius
724 1083 813 1166 loripe
834 1081 1008 1150 naaman
1031 1087 1157 1164 partem
1186 1087 1315 1164 occupat
1336 1080 1471 1146 historia

359 1172 493 1255 antiqno
526 1174 566 1238 ab
600 1171 724 1255 oripine
755 1170 868 1236 madi
900 1191 997 1253 usqne
1027 1171 1071 1236 ad
1097 1168 1294 1235 nativitatem
1323 1169 1469 1235 Domini.

359 1261 517 1344 Pleraque
539 1261 634 1327 baius
656 1260 765 1344 partis
786 1279 825 1324 ca
852 1258 1023 1326 Obronicis
1045 1258 1184 1339 Frutolfi
1213 1259 1261 1324 uel
1283 1258 1471 1324 Ellrelrardi

359 1349 516 1433 easmrpta
547 1355 629 1431 umt,
660 1347 853 1414 inaratam
881 1347 990 1413 multis
1021 1346 1245 1431 mptbolopiois.
1292 1345 1357 1412 Sed
1388 1347 1513 1412 lanera

351 1445 479 1521 partem
502 1437 632 1520 penitus
661 1437 794 1520 nepleai,
823 1443 859 1502 nt
887 1436 971 1502 nibil
1004 1437 1042 1502 de
1070 1457 1108 1502 ea
1138 1435 1240 1501 dicere
1269 1435 1374 1500 anam
1404 1435 1471 1500 nisi

358 1525 847 1609 quintumdecimum.
897 1525 1035 1590 Tertiam
1063 1525 1131 1605 fere
1159 1524 1322 1606 septimam
1345 1529 1471 1606 portem

359 1615 434 1680 libri
456 1620 608 1698 occrpant
628 1636 680 1680 res
702 1635 723 1678 a
743 1613 870 1681 Obristo
892 1620 967 1679 nato
988 1633 1085 1696 nsque
1107 1613 1152 1678 ad
1172 1612 1311 1678 anstais
1333 1618 1470 1694 ternpore

356 1710 471 1787 perlae.
524 1704 657 1770 Praeter
680 1723 788 1786 panca
816 1702 901 1768 enim
930 1702 999 1768 alia
1032 1708 1141 1768 auctu
1171 1707 1293 1766 tantam
1321 1701 1470 1780 Fratolfi-

359 1792 547 1860 Ellebordi
569 1799 680 1875 portes
708 1794 746 1858 de
775 1791 898 1875 oripine
927 1790 1129 1856 Francormn
1158 1796 1187 1855 et
1214 1790 1378 1856 Saaonam
1406 1791 1512 1855 brem

359 1881 464 1947 rioms
497 1881 671 1964 easmipsr't,
707 1886 800 1964 capnt
833 1881 870 1946 de
904 1886 974 1945 orta
1001 1879 1241 1962 Tbarinporam
1270 1899 1309 1944 ea
1337 1876 1470 1943 diuersis

353 1969 526 2052 perticalis
555 1969 631 2036 libri
661 1969 823 2050 Gotifredi
852 1968 1057 2035 Viterbieusis
1086 1967 1142 2050 qai
1169 1967 1357 2033 inscribitur
1384 1966 1469 2032 Pan·

359 2058 451 2124 tbeoa
479 2059 677 2141 cormacum,
702 2057 817 2141 paneis
846 2057 924 2124 aliis
951 2056 1003 2123 bis
1025 2056 1175 2139 partibas
1195 2055 1326 2121 insertis
1354 2076 1392 2122 ea
1414 2055 1469 2121 boc

359 2146 440 2212 libro
462 2146 629 2214 Pantheon
651 2153 681 2212 et
702 2146 892 2212 Ellebardi
920 2145 1087 2228 Obronico,
1111 2165 1149 2210 ea
1171 2145 1338 2228 Lamperti
1359 2145 1468 2210 Anna·

360 2234 442 2300 libas
464 2242 494 2300 ei
519 2235 656 2302 Oronica
672 2235 811 2317 Minore,
835 2241 901 2302 tam
922 2234 1017 2301 etiam
1039 2255 1077 2300 ea
1104 2232 1235 2318 Oripinc
1258 2233 1396 2300 ciuitatis
1409 2233 1513 2298 Er-so

359 2323 529 2404 smolensis,
553 2345 652 2406 capra
675 2346 711 2406 p.
736 2329 799 2388 415
823 2345 869 2407 sq.
897 2323 991 2405 edita,
1019 2331 1049 2389 et
1070 2343 1108 2389 ea
1136 2322 1330 2406 Genealopia
1350 2322 1470 2406 panci-

353 2433 433 2494 pum
448 2412 817 2496 Reinbardsbrnnnensi,
835 2413 895 2479 88.
910 2411 1029 2494 XXX,
1044 2436 1080 2497 p.
1094 2417 1156 2477 657
1166 2433 1211 2494 sp.
1227 2411 1321 2493 edita
1341 2411 1471 2494 samptr's

359 2501 407 2567 cel
429 2501 496 2567 ears
519 2501 706 2584 cormnentis,
728 2521 809 2585 qaae
830 2501 969 2567 manium
993 2501 1031 2568 in
1053 2501 1153 2585 capite
1175 2503 1213 2566 de
1235 2506 1306 2564 orta
1333 2499 1471 2565 Thurin-

357 2609 470 2672 porum
492 2591 646 2672 fabuloso,
669 2610 708 2655 en
730 2589 908 2656 comitantis
927 2589 1089 2669 Gotifredi
1111 2588 1284 2671 composito,
1308 2587 1472 2653 inomina-

360 2685 420 2761 tar,
448 2678 503 2744 abi
532 2679 630 2745 locum
662 2678 872 2761 Geneampiae
894 2677 1127 2744 Reinbardsbr.
1157 2676 1335 2743 exscribens
1363 2683 1516 2742 auctam

359 2767 397 2832 in
419 2767 520 2833 alima
541 2788 666 2833 sensnm
684 2768 906 2848 fraudulenter
920 2766 1076 2832 concutit.
1112 2765 1268 2833 Obronici
1282 2765 1472 2830 Elclcebardi

272 2919 276 2926 .
360 2861 389 2921 et
410 2855 591 2922 Annalium
609 2855 773 2938 Lamperti
796 2855 935 2922 codices⁸
957 2854 1082 2921 Montis
1105 2855 1139 2921 8.
1156 2853 1246 2919 Petri
1261 2852 1473 2934 Eufordensis

361 2964 431 3009 eam
459 2943 569 3027 lepisse
592 2950 689 3027 patet,
724 2965 795 3010 cam
827 2943 923 3010 etiam
956 2964 995 3010 ea
1026 2942 1168 3010 auctario
1198 2941 1473 3008 Ellebardiarw⁴

360 3031 408 3098 vel
441 3032 665 3099 additamentis
698 3035 743 3099 ad
774 3032 940 3115 lamperti
973 3033 1119 3099 Annales
1150 3030 1277 3097 Montis
1315 3031 1349 3096 S.
1382 3031 1474 3096 Petri

362 3277 389 3342 1)
410 3276 556 3333 ‘Zaitscbrl
577 3293 607 3344 p.
627 3279 686 3333 195.
704 3277 758 3334 219
775 3293 813 3346 sq.
897 3279 925 3345 2)
946 3277 1037 3330 Huius
1054 3275 1119 3328 libri
1131 3279 1265 3343 posterior
1282 3282 1388 3328 mnium
1401 3291 1475 3343 pars
1486 3291 1516 3330 so

359 3347 431 3400 edita
449 3355 486 3400 cst
511 3348 557 3402 88.
576 3348 674 3414 XXII,
695 3349 802 3415 pramis
815 3350 908 3416 portis
925 3349 1054 3416 scarptis
1072 3347 1151 3414 datia
1174 3349 1255 3416 prior
1269 3363 1346 3415 pars,
1367 3363 1400 3400 sc
1418 3363 1475 3414 quo
1603 3347 1604 3378 ³

360 3423 455 3471 aanor
467 3425 555 3472 nuder
566 3419 695 3472 munnio
713 3421 861 3488 mempeit,
881 3423 985 3472 mutum
997 3421 1027 3470 in
1039 3417 1269 3471 Pinarii-Strauit
1280 3418 1327 3474 88.
1337 3417 1371 3474 e.
1383 3419 1474 3472 Germ.
1603 3463 1604 3472 .

360 3497 379 3544 t.
398 3489 438 3544 ΙΙ.
458 3489 564 3556 lepiam.
605 3491 746 3558 Utriusque
763 3491 886 3544 editionis
903 3490 999 3542 dinuo
1012 3490 1216 3556 poanuarum
1237 3491 1308 3542 irater
1325 3505 1351 3543 se
1368 3489 1474 3556 differt,

361 3561 431 3628 quod
448 3563 548 3628 monui,
568 3577 626 3613 cnm
643 3561 720 3614 modo
737 3559 819 3614 baias
836 3562 912 3614 modo
930 3561 1004 3615 illins
1024 3561 1179 3629 partiarchis
1197 3567 1227 3613 ut
1243 3563 1353 3615 citarem
1370 3567 1477 3614 modus
1603 3575 1604 3590 ³

360 3647 448 3688 essem,
519 3631 547 3702 8)
566 3631 728 3685 Elcloelmrdi
744 3647 803 3684 sum
820 3635 868 3699 qai
884 3648 955 3685 nnnc
972 3635 1002 3685 in
1020 3631 1173 3685 bibliotheca
1186 3631 1310 3685 (lotham
1327 3638 1414 3684 eamd
1425 3633 1472 3700 (b),
1487 3646 1515 3686 ss

361 3701 503 3770 Lampadi
525 3704 634 3756 mdrbem
651 3704 793 3770 antiquam
810 3703 974 3770 deperditum
992 3703 1051 3771 (B).
1089 3704 1132 3768 Cf.
1151 3719 1237 3770 supro
1258 3721 1287 3772 p.
1306 3706 1349 3760 23.
1368 3705 1421 3759 489
1435 3719 1476 3771 aa.

361 3773 523 3826 Manendum
540 3779 577 3827 eet
594 3789 675 3840 nepae
692 3773 763 3826 bano
780 3773 944 3828 ebronietam
961 3791 1042 3842 neque
1059 3781 1192 3828 auctuum
1208 3775 1333 3828 Oratione
1345 3775 1474 3841 maon,

360 3846 408 3910 qui
432 3846 532 3897 eosdem
556 3845 622 3898 dnos
639 3845 737 3898 munes
754 3845 856 3899 Montis
877 3846 904 3900 8.
924 3846 999 3898 Petri
1020 3847 1170 3912 usurpat,
1189 3845 1328 3898 Oronimm
1352 3847 1380 3900 8.
1399 3845 1479 3899 Petri

360 3915 551 3979 Erfordenmm
571 3915 667 3982 lemme.
706 3915 792 3979 Qum
809 3917 933 3970 moncebi
956 3917 985 3970 8.
1003 3916 1079 3969 Petri
1095 3917 1199 3984 quiden
1216 3915 1353 3968 monacbis
1369 3917 1478 3969 ordinis

360 3987 387 4040 S.
401 3986 536 4040 Benedicti
546 3985 896 4041 Rsinlrordsbrmnncneibus
912 3989 1149 4053 commnmoammt,
1166 3986 1211 4038 sed
1228 3988 1325 4038 camme
1341 3987 1476 4050 namur,
1486 4005 1513 4042 eo

360 4073 393 4108 ns
410 4057 546 4120 fratribus
563 4057 772 4110 mendicantibus
789 4059 948 4114 traderetur.
985 4059 1077 4111 Etiam
1102 4058 1239 4125 coemptor
1256 4057 1322 4109 libr-i
1337 4057 1478 4109 Pontium

362 4128 500 4192 Gotifredi
516 4128 665 4194 Ilrfordiae
682 4129 800 4182 mansee
816 4145 903 4198 supro
926 4147 953 4198 p.
971 4132 1033 4195 207,
1053 4146 1080 4185 a.
1093 4127 1108 4160 *
1123 4136 1205 4198 potet.
1277 4129 1305 4194 4)
1326 4127 1401 4191 ΟΜ
1418 4130 1476 4180 5⁰⁹⁸

360 4198 397 4252 K.
415 4199 510 4252 erclc
524 4201 661 4269 psrspmit
680 4199 826 4257 ‘Zeitscbrl
840 4219 870 4270 p.
889 4203 950 4268 220,
968 4215 1076 4254 monem
1093 4201 1305 4253 additarnmtum
1322 4199 1376 4254 aod.
1393 4201 1419 4256 ὁ.
1438 4199 1477 4250 ud

359 4269 520 4387 fersnara·
545 4269 652 4338 Cicron.y
677 4271 725 4323 88.
751 4269 795 4337 VI,
818 4289 848 4341 p.
868 4273 911 4340 rt,
937 4289 965 4328 n.
984 4269 1001 4306 *
1027 4273 1134 4340 editum,
1161 4274 1190 4324 in
1213 4270 1262 4324 boo
1286 4270 1356 4323 libro
1379 4271 1477 4337 repeti-

371 4355 416 4389 um
433 4355 493 4396 eser.
1485 4357 1511 4396 a
