3222 4850
265 434 319 487 204
364 428 531 486 ORONIOA
544 429 572 486 S.
582 429 697 485 PETRI
709 430 972 488 ERFORDENSIS
985 431 1074 488 MOD.
1093 432 1129 490 A.
1140 435 1217 489 1206.
1230 435 1306 488 1207.

179 629 255 682 1206.
266 618 443 698 scopatum
467 615 541 698 regi
556 614 718 699 Philippo
733 615 936 700 resignavit;
962 617 1017 680 cui
1040 615 1286 700 Bingilhardus
1310 635 1381 679 suc·

266 702 378 767 cessit.
493 703 711 768 Elmbertns⁸
750 704 1039 789 Havelbergensis
1077 705 1254 789 episcopus
1293 704 1381 768 obiit

163 815 256 857 aare.
266 791 356 855 1111.
387 791 467 855 Kal.
498 792 698 857 Decembris
709 793 730 855 ¹.
850 792 1070 858 Colonienses
1104 794 1253 876 graciam
1288 793 1379 877 regis

265 881 419 964 Philippi
441 881 667 946 obtinuerunt
690 882 780 946 datis
803 882 979 948 obsidibus
1006 886 1042 947 et
1065 883 1202 965 copiosa
1224 881 1379 967 pecunia.

179 977 255 1030 1207.
372 969 549 1034 MOOVII.
580 970 765 1036 Heinrious
779 972 1073 1055 wirceburgensis
1092 971 1222 1036 electus
1237 971 1274 1034 in
1289 971 1380 1035 festo
1399 993 1413 1032 s

173 1083 255 1126 arna
266 1062 383 1122 sancte
406 1053 622 1143 Margareteb
645 1059 748 1136 obiit;
774 1061 830 1125 cui
853 1059 937 1125 Otto
961 1061 1069 1124 maior
1092 1061 1285 1144 prepositus
1309 1079 1379 1123 sue·

178 1157 255 1210 1206.
266 1148 376 1212 cessit.
485 1147 694 1212 Adelbertus
724 1148 1031 1233 Magdeburgensis
1061 1145 1191 1213 electus
1222 1147 1380 1232 apostoli·

144 1257 340 1312 (carneam
364 1237 478 1301 sedem
503 1237 621 1302 adiens
645 1237 687 1301 ab
704 1237 913 1302 Innocencio
932 1258 1022 1322 papa
1044 1237 1188 1322 pallium
1213 1239 1248 1302 et
1271 1237 1380 1322 ponti·

178 1325 398 1390 1207.ficalem
429 1326 562 1409 accepit
590 1326 749 1390 infulam.
803 1327 890 1391 Inde
919 1347 1092 1409 regressus
1127 1347 1149 1390 a
1177 1325 1379 1410 Magdebur·

162 1414 426 1496 pragensibus
449 1417 530 1478 ante
555 1415 644 1479 diem
668 1416 883 1498 palmarum²
906 1416 1091 1480 honorifice
1114 1419 1292 1498 susceptus
1316 1419 1378 1478 est.
1391 1439 1418 1476 ro

159 1502 328 1580 caniac
357 1503 513 1586 sequenti
537 1523 721 1588 parasceue
744 1504 957 1569 kathedralis
981 1504 1126 1568 ecclesia
1152 1504 1263 1568 sancti
1285 1503 1380 1566 Mau·

263 1587 360 1656 ricii‘1
386 1592 478 1656 inter
501 1592 636 1655 divina⁰
665 1592 831 1657 solemnia
852 1587 953 1677 ignes
980 1595 1183 1678 consumpta
1206 1592 1289 1657 ests

370 1680 470 1745 Hocss
489 1701 579 1744 anno
598 1703 688 1764 papa
704 1681 940 1757 Innocencius
964 1683 1034 1746 iam
1057 1681 1213 1766 pluribus
1238 1681 1335 1744 annis
1359 1701 1380 1743 a

265 1769 485 1853 pontificibus
502 1790 541 1833 ac
558 1771 769 1854 principibus
785 1770 965 1835 Teutonici
981 1771 1078 1852 regni
1098 1791 1199 1854 super
1215 1770 1380 1834 damnosa

265 1859 432 1922 divisione
462 1859 596 1942 imperii
625 1859 876 1943 interpellatus,
907 1859 1040 1942 legatos
1071 1859 1136 1924 sibi
1164 1857 1379 1923 collaterales
1391 1881 1417 1920 a

265 1947 400 2022 direxit,
430 1947 592 2012 videlicet
622 1947 806 2030 Hugonem
837 1947 1029 2012 Ostiensem
1064 1951 1099 2012 et
1129 1946 1378 2012 velletrensem

265 2035 462 2119 episcopum
486 2039 522 2100 et
544 2036 693 2101 Leonem
718 2037 844 2101 Sancte
867 2037 986 2102 Orucis
1013 2037 1049 2099 in
1073 2036 1260 2100 Ierusalem
1291 2055 1380 2118 pres·

264 2124 413 2188 biterum
449 2125 657 2189 cardinalem
693 2129 728 2189 et
758 2147 835 2190 cum
866 2127 914 2190 eis
943 2125 1175 2209 patriarcham
1205 2123 1379 2207 Aquilian-

266 2213 358 2277 sem⁴
381 2217 416 2277 et
440 2213 721 2296 salzburgensem
746 2213 1070 2298 archiepiscopum⁵.
1114 2213 1182 2292 Qui
1203 2214 1241 2276 in
1264 2215 1380 2297 partes

173 2301 353 2377 *timitem
375 2302 552 2367 venientes
576 2302 795 2390 *Philippum
823 2323 940 2386 regem
964 2304 1056 2386 apud
1081 2301 1310 2366 Wormaciam
1335 2301 1378 2365 ab
1390 2323 1418 2363 ευ

176 2391 629 2470 (napexcommunicacione,
660 2411 728 2474 qua
758 2392 817 2454 diu
851 2393 1037 2456 innodatus
1069 2394 1153 2469 erat,
1185 2390 1378 2467 absolvunt,

265 2500 410 2563 eumque
440 2481 476 2543 in
505 2481 778 2544 communionem
807 2481 1021 2563 recipientes,
1045 2481 1079 2543 in
1107 2480 1283 2564 presencia
1306 2479 1380 2544 eius

266 2569 381 2633 divina
404 2569 520 2632 officia
535 2562 790 2633 celebrabansh.
830 2569 885 2632 Ad
901 2567 1063 2634 Ottonem
1088 2589 1203 2653 regem
1226 2569 1263 2631 in
1280 2568 1380 2631 Saxo·

264 2657 356 2722 niam
388 2658 517 2742 pariter
547 2659 703 2740 profecti,
727 2659 929 2722 mandatum
952 2657 1179 2742 apostolicum
1202 2657 1381 2721 nunctian-

263 2750 327 2822 tes‚
351 2746 522 2822 videlicet,
547 2751 587 2809 ut
606 2749 642 2811 et
658 2767 816 2810 coronam
842 2749 878 2810 et
892 2767 1017 2811 nomen
1032 2747 1165 2830 regium
1181 2747 1379 2829 deponeret,
1391 2767 1419 2805 a

266 2835 502 2898 exhortantes:
527 2835 600 2917 ipse
624 2835 689 2899 hoc
712 2855 748 2899 se
764 2854 939 2918 nunquam
963 2835 1138 2899 facturum
1161 2855 1239 2898 cum
1255 2853 1381 2917 magna

264 2922 506 3006 indignacione
523 2926 757 3006 protestatur.
805 2924 891 2988 Inde
921 2924 1014 2987 omni
1044 2923 1196 3006 negocia
1227 2943 1289 3006 pro
1313 2941 1381 3004 quo

265 3011 360 3074 missi
389 3011 538 3088 fuerant,
569 3012 700 3076 infecto
730 3013 883 3096 digressi,
912 3012 1058 3096 pecunia
1081 3012 1262 3095 copiosae
1285 3031 1381 3076 ceno

266 3099 348 3164 bitis
377 3105 413 3165 et
443 3100 574 3164 clericis
607 3105 824 3184 congregata,
859 3101 986 3165 reversi
1020 3103 1101 3164 sunt
1133 3099 1170 3163 in
1204 3099 1381 3184 regionem

264 3209 371 3254 suam.
408 3189 460 3254 De
477 3189 610 3254 duobus
634 3193 749 3254 autern
765 3189 1065 3272 Mogonciensibus
1089 3187 1256 3272 episcopis
1271 3187 1420 3252 nichila

266 3277 456 3342 diffinitum
487 3278 569 3342 esti
615 3278 688 3342 Rex
711 3278 892 3362 Philippus
922 3297 982 3362 per
1011 3278 1244 3342 interventum
1275 3275 1381 3342 cardi·

265 3367 395 3431 nalium
420 3371 456 3432 et
478 3367 672 3451 principum
696 3366 893 3430 Brunonem
917 3365 1156 3430 Coloniensem
1182 3366 1382 3449 episcopum

266 3477 286 3518 a
319 3456 466 3520 vinculis
500 3455 658 3520 absolvit.
706 3455 896 3538 sigefridus
931 3454 1075 3527 electus,
1108 3457 1325 3518 consecratus
1361 3474 1382 3516 a

177 3544 498 3618 1206.Prenestin0⁷,
530 3538 610 3609 nec¹
649 3544 739 3627 regis
773 3543 926 3628 Philippi
959 3543 1162 3607 violenciam
1202 3541 1381 3620 sufferens,

265 3633 408 3696 Romam
431 3627 583 3697 adiitk·⁸.
1392 3651 1420 3692 ss

265 3789 288 3833 a)
306 3788 379 3826 adem
393 3797 467 3834 manu,
482 3788 527 3825 ols'o
542 3791 621 3829 atram.
635 3797 740 3836 mmor.
754 3787 896 3826 Hellnbertus
911 3788 934 3834 ις
956 3785 983 3832 ef.
997 3795 1066 3834 upra
1086 3796 1107 3824 a.
1124 3785 1182 3828 1¹9¹.
1250 3786 1273 3834 b)
1295 3787 1383 3836 numa·

265 3840 329 3880 retae
344 3843 364 3882 1,
417 3842 437 3888 c]
452 3842 518 3878 Anno
532 3840 669 3882 mecvm.
696 3840 722 3878 In
737 3840 782 3879 dle
796 3839 966 3888 piamun.
1027 3837 1051 3882 d)
1065 3839 1091 3876 ln
1106 3836 1277 3890 Magdebnrg
1291 3840 1383 3883 ΜΗ.

266 3895 287 3940 a)
300 3894 331 3932 stc
345 3893 370 3934 Ε.
384 3893 417 3941 Β,-
437 3891 545 3934 diuinet.
599 3893 690 3940 Orous.
704 3899 737 3931 est
750 3893 779 3932 ab
793 3893 894 3932 incendio
908 3891 933 3934 Ε.
996 3893 1020 3940 g)
1040 3893 1149 3941 mqucnaes'c
1170 3892 1227 3933 1ι.α.
1247 3897 1267 3931 σί
1286 3904 1307 3935 a.
1323 3893 1383 3936 1808.

265 3957 306 3988 om.
320 3945 346 3990 Ε.
387 3945 410 3996 h)
425 3945 567 3984 celebrarunt
580 3945 606 3986 Β.
653 3947 669 3994 Ι)
682 3946 713 3984 sic
727 3945 758 3993 B,·
772 3955 799 3986 ns
814 3947 833 3989 l.
886 3945 910 3996 k)
924 3945 942 3984 0
956 3951 1032 3984 sancte
1046 3945 1158 3984 Ieronlms
1173 3945 1231 3994 am,
1240 3949 1294 3995 post
1307 3945 1349 3989 dd.
1362 3948 1384 3989 1.

267 4069 293 4138 1)
313 4069 377 4121 Dies
393 4067 478 4120 obitur
496 4069 552 4118 eius
569 4069 647 4118 etiam
666 4071 695 4118 ἐκ
711 4067 856 4133 aecrobyto
866 4068 962 4120 codicis
973 4067 1091 4134 Hclrm'ci,
1105 4069 1147 4123 ‘N.
1161 4067 1274 4120 Arasv’
1284 4064 1384 4134 XXII,
1393 4086 1421 4124 so

262 4157 291 4206 p.
304 4141 366 4206 510,
390 4139 536 4190 Mactatur
552 4145 597 4194 cet.
686 4139 714 4206 2)
734 4138 834 4203 ‘Mapd
852 4137 1052 4206 Solsdppcnclsr!
1076 4139 1114 4194 ed.
1135 4137 1249 4191 Jcm'eloc
1271 4141 1383 4206 12131:

265 4213 295 4259 to
313 4207 425 4275 palmen
443 4223 525 4274 quam
543 4205 578 4258 he
597 4205 648 4271 hir,
666 4223 718 4259 aon
737 4209 884 4260 antediem
902 4209 1066 4276 palmarum.
1156 4211 1184 4277 3)
1204 4209 1248 4274 Of.
1267 4227 1335 4276 quac
1352 4209 1385 4263 dc

266 4279 310 4328 hia
330 4278 409 4330 rebus
425 4277 462 4329 ad
481 4275 1081 4344 Cron.13ansarcsbr.p.5tosq.acnotata
1100 4287 1171 4334 cunt.
1249 4281 1278 4348 4)
1297 4281 1385 4346 Wolf-

265 4362 366 4413 penem.
450 4349 477 4414 ὃ)
496 4346 682 4398 Eberhardum
700 4348 740 4398 ΙΙ.
812 4351 839 4414 6)
858 4349 914 4400 Hoc
932 4349 1031 4414 falsum
1049 4356 1093 4403 eet.
1132 4351 1384 4414 damascenam

267 4417 315 4472 Η.
337 4435 366 4485 p.
384 4419 446 4482 431,
472 4433 499 4470 n.
517 4419 543 4470 2.
569 4418 623 4472 534
639 4433 677 4482 aq.
750 4421 776 4484 7)
797 4419 917 4471 Guidom
934 4435 959 4471 a.
974 4420 1050 4474 1201.
1070 4421 1139 4488 Sept.
1153 4423 1195 4476 30.
1277 4423 1305 4490 8)
1322 4421 1385 4475 Iam
1395 4439 1423 4478 aa
