3240 4858
314 313 368 367 314
403 309 571 366 ORONIOA
584 310 613 370 S.
622 309 740 365 PETRI
752 311 1014 368 ERFORDENSIS
1026 310 1117 368 MOD.
1136 315 1173 371 A.
1184 317 1368 372 raet-1297.

226 501 303 556 1295.
315 494 388 559 eius
412 495 604 559 cottidiana
626 498 662 560 et
685 515 772 580 pene
797 497 967 579 quottidie
997 518 1086 561 nova
1108 498 1300 564 inversione
1322 501 1438 582 turpe-

313 586 373 646 tur
395 587 431 648 et
454 584 608 648 omnium
631 584 742 668 sputis
765 588 847 650 seu'¹
874 585 1068 650 maledictis
1091 586 1276 652 obnoxium
1300 587 1437 651 amaris·

313 673 407 736 simis
429 673 728 757 inprecacionibus
751 667 947 738 onereturb.
981 673 1136 758 Reliquit
1151 679 1269 740 autem
1289 675 1437 741 militem

313 761 355 826 de
380 760 560 845 Bruberg¹
583 762 627 826 ad
651 781 780 844 eaque
802 763 876 846 ipse
900 763 1112 846 cogitaverat
1136 765 1351 848 exequenda;
1376 766 1437 848 qui

311 850 462 933 qualiter
485 850 560 933 regi
583 852 737 934 paruerit
753 871 860 934 queve
879 851 1012 929 fecerit,
1036 873 1098 936 pro
1120 873 1235 917 rerum
1257 854 1461 918 incertitus

312 939 413 1004 dine¹
442 939 555 1004 dicere
579 940 791 1023 superfluum
815 960 887 1004 esse
910 961 997 1005 reor.

218 1050 301 1094 urea
418 1027 550 1093 Eodem
586 1049 676 1093 anno
710 1029 747 1090 in
783 1029 932 1093 crastino
962 1029 1074 1093 sancti
1107 1025 1261 1106 Iacobid,
1290 1052 1368 1095 cum
1400 1035 1438 1096 et

310 1118 467 1182 tonitrua
504 1116 654 1182 terribili
690 1117 828 1200 fragore
866 1119 1050 1201 mugirent,
1087 1120 1431 1202 coruscacionesque⁰

311 1205 552 1289 frequentibus
582 1206 709 1270 ictibus
739 1207 936 1283 emicarent,
967 1207 1076 1271 irater
1105 1207 1245 1290 quidam
1273 1209 1436 1292 Augusti·

311 1296 427 1360 nensis
459 1296 496 1358 in
527 1295 672 1360 ecclesia
695 1294 887 1378 Erphordie
915 1295 1008 1358 infra
1038 1296 1284 1379 vespertinales
1315 1297 1476 1362 landesio

312 1384 449 1449 occulto
480 1383 547 1449 Dei
576 1383 705 1448 iudicio
735 1383 809 1448 ictu
838 1382 995 1447 fulminis
1024 1387 1140 1448 tactus
1170 1386 1297 1450 cecidit
1324 1389 1359 1450 et
1383 1407 1436 1451 ex-

311 1473 448 1557 piravit.

224 1569 301 1622 1296.
418 1563 521 1626 Anno
545 1560 687 1626 Domini
704 1559 927 1626 MOOXOVI.
962 1561 1168 1627 Incendium
1191 1563 1322 1646 grande
1343 1583 1436 1628 exor-

197 1643 619 1738 1u1.15s6.iiumfllil'ph0rdle
643 1651 801 1733 sequenti
817 1653 918 1714 nocte
938 1654 1015 1734 post
1039 1651 1240 1715 divisionem
1265 1651 1435 1736 apostolo-

312 1761 389 1803 rum
413 1739 546 1823 plateas
562 1738 630 1802 fori
651 1738 851 1823 repulerum
875 1741 910 1802 et
933 1758 1217 1822 pergamenorum
1240 1740 1434 1816 absumens,
1447 1763 1474 1803 ιι

313 1847 496 1892 numerosa
519 1827 706 1891 admodum
729 1827 865 1891 edificia
889 1826 1128 1892 concremavit.
1219 1828 1324 1912 Ipso¹¹
1343 1849 1434 1892 anno

312 1917 413 1982 triste
436 1917 668 1979 infortunium
693 1918 728 1980 et
751 1915 876 1979 flebilis
906 1916 1091 1984 admodum
1119 1919 1262 1981 eventus
1290 1937 1434 1982 conven-

310 2010 386 2069 tum
412 2005 532 2069 Sancti
547 2005 643 2069 Petri
666 2023 851 2086 omnesque
874 2004 1001 2068 amicos
1025 2025 1151 2081 eorum,
1177 2006 1267 2070 cives
1284 2006 1434 2089 Erphor·

312 2095 444 2170 denses,
475 2094 627 2177 graviter
658 2092 886 2170 contristavit,
918 2093 999 2175 quia
1027 2092 1154 2156 nobilis
1184 2098 1221 2158 et
1252 2094 1436 2158 dulcisona

219 2183 373 2250 remilla
396 2183 505 2246 maior
528 2181 718 2266 campana²
740 2181 868 2245 ibidem
892 2181 928 2243 in
951 2181 1042 2245 festo
1058 2183 1210 2245 omnium
1234 2186 1474 2252 sanctorumao

311 2273 404 2335 infra
434 2271 679 2354 pulsacionem,
712 2269 826 2333 nescio
857 2290 924 2352 quo
948 2269 1015 2333 Dei
1045 2269 1182 2346 iudicio,
1207 2271 1321 2335 tracta
1350 2273 1433 2336 fuit.

224 2369 301 2423 1297.
418 2363 521 2424 Anno
541 2359 682 2424 Domini
705 2357 947 2422 MOOXOVII.
984 2357 1181 2422 Conventus
1200 2359 1320 2424 Sancti
1336 2360 1434 2424 Petri

195 2475 258 2517 rear.
269 2475 301 2516 ιι.
311 2449 441 2513 habitis
464 2448 625 2532 gravibus
649 2451 685 2511 et
709 2447 842 2530 magnis
865 2447 1022 2530 expensis
1045 2447 1082 2510 in
1097 2448 1217 2530 vigilia
1240 2449 1433 2513 innumera·

312 2538 434 2603 bilium
451 2537 630 2601 martirum
655 2536 759 2599 aliam
776 2555 988 2618 campanam,
1013 2538 1049 2599 et
1064 2536 1260 2618 quantitate
1284 2539 1320 2600 et
1336 2557 1433 2602 sono-

310 2628 415 2691 ritate
439 2626 588 2710 priorem
606 2625 850 2708 'superantem
875 2623 919 2687 ad
943 2624 1107 2688 honorem
1131 2625 1238 2708 ipsius
1262 2627 1474 2708 apostolo-es

212 2738 388 2789 *picurum
411 2715 576 2798 principis
599 2713 777 2778 fuderunt.
813 2710 929 2775 Aliam
951 2712 1196 2777 nichilominus
1214 2713 1272 2776 'ad
1291 2713 1433 2778 laudem
1446 2709 1547 2759 ⁸¹¹·⁴³¹·

312 2805 418 2928 beatill
435 2805 544 2887 patris
575 2793 756 2866 Benedicti
786 2802 865 2884 post
895 2820 1022 2883 paucos
1052 2801 1125 2866 dies
1148 2801 1250 2864 fundi
1273 2823 1433 2886 procura-

310 2895 393 2956 runt
424 2938 432 2953 .

203 3009 299 3050 naas.
418 2973 513 3045 Hoc¹
533 2999 624 3043 anno
646 2978 756 3042 tercio
773 2977 891 3040 Nonas
906 2977 1029 3040 Marcii
1052 2977 1141 3059 ignis
1164 2981 1266 3042 nocte
1291 2982 1433 3044 exortus

310 3073 346 3136 in
371 3071 458 3155 pede
482 3068 612 3132 Montis
637 3067 755 3130 Sancti
771 3066 867 3130 Petri
889 3065 1081 3147 Erphordie
1105 3059 1230 3149 penes1¹
1249 3066 1473 3131 ecclesiameo

310 3159 422 3225 sancti
457 3155 654 3222 Leonhardi
691 3156 729 3219 in
763 3158 901 3218 tantum
935 3152 1104 3217 violencia
1137 3157 1319 3217 ventorum
1355 3176 1433 3220 con·

308 3248 429 3324 valuit,
461 3249 502 3309 ut
531 3245 715 3309 maximam
749 3246 883 3327 partem
917 3241 1129 3306 edificiorum
1160 3245 1196 3305 et
1225 3241 1275 3305 ibi
1305 3237 1358 3307 et¹
1390 3265 1432 3308 ex

310 3339 453 3403 adverso
476 3355 585 3418 usque
609 3353 696 3417 pene
721 3332 765 3395 ad
789 3332 907 3394 domos
929 3329 1168 3413 clipeariorum
1192 3330 1337 3394 sitorum
1355 3353 1433 3396 con-

309 3428 354 3490 fla
379 3417 507 3490 rareth.

356 3449 378 3510 g
418 3515 547 3578 Eodem
583 3530 675 3574 anno
709 3529 770 3571 rex
804 3507 1010 3570 Boemorum
1036 3505 1258 3570 Weucezlaus
1266 3513 1300 3586 ¹¹,
1337 3509 1473 3575 filiusrs

311 3601 527 3669 Ottalrlrerii¹
546 3599 638 3683 regis
661 3595 847 3671 interfecti,
871 3595 908 3656 in
924 3593 1036 3676 Praga
1052 3598 1235 3659 coronatus
1251 3599 1287 3662 et
1303 3603 1433 3663 unctus

310 3695 363 3756 est
385 3692 423 3753 in
445 3710 562 3774 regem
590 3709 668 3752 curn
691 3685 754 3748 illa
775 3682 884 3747 nobili
908 3682 1053 3766 coniuge
1078 3683 1169 3760 sual,
1194 3684 1432 3751 Romanorum

309 3883 331 3928 r)
345 3886 368 3920 er
382 3878 414 3921 rb.
469 3877 492 3927 b)
506 3883 614 3918 oneratur
627 3873 661 3915 2¹³.
717 3877 737 3922 e)
748 3874 821 3923 percit
834 3873 940 3920 limes.
989 3870 1012 3922 d)
1026 3871 1120 3921 apostoli
1135 3873 1185 3915 odd.
1198 3873 1225 3916 Ε,
1240 3873 1268 3917 N.
1309 3874 1331 3925 e)
1345 3887 1434 3920 comae.

309 3955 335 3962 -
350 3935 472 3972 emicarent
486 3942 527 3972 cm.
542 3933 561 3980 1,
576 3941 603 3969 ar
616 3930 642 3971 lt.
659 3928 682 3966 N
692 3928 762 3977 suppl.
816 3927 834 3976 f)
848 3931 883 3967 ert
897 3926 947 3968 cdd.
962 3925 988 3968 Ε.
1048 3928 1071 3974 g)
1085 3927 1135 3974 Ipso
1148 3947 1174 3954 -
1189 3935 1340 3975 procurarunt
1353 3931 1381 3976 (l.
1395 3931 1434 3980 28)

309 3998 349 4028 orn.
364 3986 389 4028 Ε.
445 3985 469 4033 b)
482 3984 504 4024 k.
514 3984 528 4026 l.
542 3984 637 4032 epatium
652 3983 826 4020 rinocruram
840 3981 878 4022 rel.
893 3982 912 4022 1.
965 3979 981 4026 l)
995 3974 1081 4018 nouem
1096 3979 1117 4016 Ε
1129 3980 1158 4016 ud
1173 3991 1192 4021 a.
1204 3981 1267 4030 1²9&
1281 3983 1338 4022 unae
1353 3983 1435 4033 Bm!
1444 3991 1472 4030 ω

308 4040 369 4084 (inde
387 4038 467 4084 γυνη.)
481 4041 500 4074 et
514 4037 544 4075 ΙΙ
559 4037 611 4074 hoec
625 4040 644 4073 et
658 4034 740 4072 Lem
757 4034 772 4074 1.
786 4033 812 4072 85
826 4043 870 4082 tuq.
892 4033 921 4070 orl
942 4042 962 4073 a.
977 4031 1036 4073 1296.
1057 4031 1140 4072 tuom.
1201 4033 1225 4082 k)
1238 4034 1269 4072 ric
1283 4035 1317 4082 Ε,·
1339 4047 1399 4085 pene
1414 4041 1433 4079 l.

309 4093 325 4139 l)
338 4093 369 4130 rte
383 4091 415 4138 E,-
431 4102 471 4131 om.
482 4092 501 4131 1.
541 4093 572 4136 ιιι)
583 4089 714 4128 ll'enezlaue
728 4090 752 4138 15
768 4085 924 4126 ll'suezorlaus
939 4085 963 4127 Ε.
974 4085 1000 4126 12.
1041 4083 1065 4134 ιι)
1078 4084 1209 4124 Octalrlrcrll
1223 4087 1247 4136 1;
1263 4087 1385 4130 Octaclmrl
1400 4091 1434 4137 R:

309 4144 432 4184 Octaklrarl
447 4143 475 4184 X.

311 4287 337 4350 1)
356 4283 504 4336 Gerluoum.
577 4283 606 4348 2)
628 4281 670 4345 Of.
689 4296 775 4346 ercpra
800 4294 826 4333 a.
848 4278 1057 4342 1955‚21.247.
1129 4277 1157 4344 3)
1173 4276 1256 4334 Iutta.
