<?xml version="1.0" encoding="UTF-8"?>
<!DOCTYPE html PUBLIC "-//W3C//DTD XHTML 1.0 Transitional//EN"
    "http://www.w3.org/TR/xhtml1/DTD/xhtml1-transitional.dtd">
<html xmlns="http://www.w3.org/1999/xhtml" xml:lang="en" lang="en">
 <head>
  <title>
</title>
<meta http-equiv="Content-Type" content="text/html;charset=utf-8" />
  <meta name='ocr-system' content='tesseract 3.04.00' />
  <meta name='ocr-capabilities' content='ocr_page ocr_carea ocr_par ocr_line ocrx_word'/>
</head>
<body>
  <div class='ocr_page' id='page_1' title='image "./monumentaerphes01monagoog_0533.png"; bbox 0 0 3266 4852; ppageno 0'>
   <div class='ocr_carea' id='block_1_1' title="bbox 566 377 1301 438">
    <p class='ocr_par' dir='ltr' id='par_1_1' title="bbox 566 377 1301 438">
     <span class='ocr_line' id='line_1_1' title="bbox 566 377 1301 438; baseline 0.015 -11"><span class='ocrx_word' id='word_1_1' title='bbox 566 377 750 433; x_wconf 73' lang='lat' dir='ltr'>‚ORONIGA</span> <span class='ocrx_word' id='word_1_2' title='bbox 767 377 902 435; x_wconf 86' lang='lat' dir='ltr'><em>MINOR.</em></span> <span class='ocrx_word' id='word_1_3' title='bbox 1249 385 1301 438; x_wconf 78' lang='lat'><em>523</em></span> 
     </span>
    </p>
   </div>
   <div class='ocr_carea' id='block_1_2' title="bbox 152 559 1305 2684">
    <p class='ocr_par' dir='ltr' id='par_1_2' title="bbox 152 559 1305 2684">
     <span class='ocr_line' id='line_1_2' title="bbox 186 559 1300 643; baseline 0.002 -18"><span class='ocrx_word' id='word_1_4' title='bbox 186 560 313 626; x_wconf 90' lang='lat' dir='ltr'><em>variam</em></span> <span class='ocrx_word' id='word_1_5' title='bbox 342 559 503 626; x_wconf 75' lang='lat' dir='ltr'><em>nomnen</em></span> <span class='ocrx_word' id='word_1_6' title='bbox 530 559 768 626; x_wconf 88' lang='lat' dir='ltr'><em>recensionum¹</em></span> <span class='ocrx_word' id='word_1_7' title='bbox 790 567 819 626; x_wconf 92' lang='lat' dir='ltr'><em>et</em></span> <span class='ocrx_word' id='word_1_8' title='bbox 847 561 996 627; x_wconf 88' lang='lat' dir='ltr'><em>classium</em></span> <span class='ocrx_word' id='word_1_9' title='bbox 1022 562 1214 628; x_wconf 75' lang='lat' dir='ltr'><em>recensionis</em></span> <span class='ocrx_word' id='word_1_10' title='bbox 1236 561 1300 643; x_wconf 72' lang='lat'><em>3²,</em></span> 
     </span>
     <span class='ocr_line' id='line_1_3' title="bbox 186 648 1302 733; baseline 0.003 -19"><span class='ocrx_word' id='word_1_11' title='bbox 186 648 323 730; x_wconf 78' lang='lat' dir='ltr'><em>sinpulis</em></span> <span class='ocrx_word' id='word_1_12' title='bbox 345 649 383 714; x_wconf 91' lang='lat' dir='ltr'><em>in</em></span> <span class='ocrx_word' id='word_1_13' title='bbox 397 648 554 715; x_wconf 74' lang='lat' dir='ltr'><em>codicibus</em></span> <span class='ocrx_word' id='word_1_14' title='bbox 568 669 648 731; x_wconf 78' lang='lat' dir='ltr'><em>puae</em></span> <span class='ocrx_word' id='word_1_15' title='bbox 669 649 784 714; x_wconf 87' lang='lat' dir='ltr'><em>vitiata</em></span> <span class='ocrx_word' id='word_1_16' title='bbox 805 650 852 714; x_wconf 93' lang='lat' dir='ltr'><em>vel</em></span> <span class='ocrx_word' id='word_1_17' title='bbox 866 656 988 715; x_wconf 79' lang='lat' dir='ltr'><em>unitata</em></span> <span class='ocrx_word' id='word_1_18' title='bbox 1010 657 1085 715; x_wconf 90' lang='lat' dir='ltr'><em>sunt</em></span> <span class='ocrx_word' id='word_1_19' title='bbox 1105 650 1219 733; x_wconf 72' lang='lat' dir='ltr'><em>ubique</em></span> <span class='ocrx_word' id='word_1_20' title='bbox 1233 651 1302 731; x_wconf 84' lang='lat' dir='ltr'><em>fere</em></span> 
     </span>
     <span class='ocr_line' id='line_1_4' title="bbox 179 736 1300 822; baseline 0.002 -20"><span class='ocrx_word' id='word_1_21' title='bbox 179 736 405 822; x_wconf 61' lang='lat' dir='ltr'><em>praetermisi·</em></span> <span class='ocrx_word' id='word_1_22' title='bbox 433 759 490 803; x_wconf 90' lang='lat' dir='ltr'><em>nec</em></span> <span class='ocrx_word' id='word_1_23' title='bbox 517 759 598 820; x_wconf 78' lang='lat' dir='ltr'><em>puae</em></span> <span class='ocrx_word' id='word_1_24' title='bbox 626 737 664 803; x_wconf 90' lang='lat' dir='ltr'><em>in</em></span> <span class='ocrx_word' id='word_1_25' title='bbox 692 759 756 804; x_wconf 89' lang='lat' dir='ltr'><em>uno</em></span> <span class='ocrx_word' id='word_1_26' title='bbox 785 737 865 804; x_wconf 86' lang='lat' dir='ltr'><em>libro</em></span> <span class='ocrx_word' id='word_1_27' title='bbox 897 738 1014 804; x_wconf 90' lang='lat' dir='ltr'><em>omissa</em></span> <span class='ocrx_word' id='word_1_28' title='bbox 1042 739 1116 821; x_wconf 90' lang='lat' dir='ltr'><em>sint,</em></span> <span class='ocrx_word' id='word_1_29' title='bbox 1141 739 1300 822; x_wconf 79' lang='lat' dir='ltr'><em>adnotavi,</em></span> 
     </span>
     <span class='ocr_line' id='line_1_5' title="bbox 186 825 1303 908; baseline 0.001 -16"><span class='ocrx_word' id='word_1_30' title='bbox 186 825 253 892; x_wconf 87' lang='lat' dir='ltr'><em>nisi</em></span> <span class='ocrx_word' id='word_1_31' title='bbox 275 832 407 907; x_wconf 90' lang='lat' dir='ltr'><em>coactus,</em></span> <span class='ocrx_word' id='word_1_32' title='bbox 430 833 466 892; x_wconf 87' lang='lat' dir='ltr'><em>nt</em></span> <span class='ocrx_word' id='word_1_33' title='bbox 482 833 601 908; x_wconf 86' lang='lat' dir='ltr'><em>pateat,</em></span> <span class='ocrx_word' id='word_1_34' title='bbox 625 847 682 892; x_wconf 92' lang='lat' dir='ltr'><em>cur</em></span> <span class='ocrx_word' id='word_1_35' title='bbox 704 827 772 892; x_wconf 90' lang='lat' dir='ltr'><em>eius</em></span> <span class='ocrx_word' id='word_1_36' title='bbox 794 826 881 894; x_wconf 90' lang='lat' dir='ltr'><em>lectio</em></span> <span class='ocrx_word' id='word_1_37' title='bbox 903 827 940 893; x_wconf 92' lang='lat' dir='ltr'><em>iu</em></span> <span class='ocrx_word' id='word_1_38' title='bbox 959 828 1215 894; x_wconf 76' lang='lat' dir='ltr'><em>adnotationibus</em></span> <span class='ocrx_word' id='word_1_39' title='bbox 1237 849 1303 894; x_wconf 93' lang='lat' dir='ltr'><em>non</em></span> 
     </span>
     <span class='ocr_line' id='line_1_6' title="bbox 156 915 1302 999; baseline 0 -17"><span class='ocrx_word' id='word_1_40' title='bbox 156 915 380 982; x_wconf 85' lang='lat' dir='ltr'><em>sinvcniatnr.</em></span> <span class='ocrx_word' id='word_1_41' title='bbox 426 916 577 981; x_wconf 84' lang='lat' dir='ltr'><em>Attamen</em></span> <span class='ocrx_word' id='word_1_42' title='bbox 607 921 783 998; x_wconf 88' lang='lat' dir='ltr'><em>apparatus</em></span> <span class='ocrx_word' id='word_1_43' title='bbox 812 915 939 982; x_wconf 79' lang='lat' dir='ltr'><em>aritiens</em></span> <span class='ocrx_word' id='word_1_44' title='bbox 960 916 998 982; x_wconf 90' lang='lat' dir='ltr'><em>in</em></span> <span class='ocrx_word' id='word_1_45' title='bbox 1020 938 1171 999; x_wconf 80' lang='lat' dir='ltr'><em>mapnam</em></span> <span class='ocrx_word' id='word_1_46' title='bbox 1192 918 1302 982; x_wconf 93' lang='lat' dir='ltr'><em>molem</em></span> 
     </span>
     <span class='ocr_line' id='line_1_7' title="bbox 187 1003 1302 1086; baseline 0.002 -16"><span class='ocrx_word' id='word_1_47' title='bbox 187 1003 330 1086; x_wconf 86' lang='lat' dir='ltr'><em>enorevit,</em></span> <span class='ocrx_word' id='word_1_48' title='bbox 353 1003 409 1086; x_wconf 78' lang='lat' dir='ltr'><em>qni</em></span> <span class='ocrx_word' id='word_1_49' title='bbox 431 1003 556 1086; x_wconf 82' lang='lat' dir='ltr'><em>quidem</em></span> <span class='ocrx_word' id='word_1_50' title='bbox 577 1003 683 1069; x_wconf 75' lang='lat' dir='ltr'><em>utinm</em></span> <span class='ocrx_word' id='word_1_51' title='bbox 698 1004 860 1086; x_wconf 87' lang='lat' dir='ltr'><em>potuisset,</em></span> <span class='ocrx_word' id='word_1_52' title='bbox 885 1005 1056 1071; x_wconf 73' lang='lat' dir='ltr'><em>naamam</em></span> <span class='ocrx_word' id='word_1_53' title='bbox 1074 1005 1234 1072; x_wconf 76' lang='lat' dir='ltr'><em>lectioonem</em></span> <span class='ocrx_word' id='word_1_54' title='bbox 1256 1027 1302 1072; x_wconf 78' lang='lat' dir='ltr'><em>rc</em></span> 
     </span>
     <span class='ocr_line' id='line_1_8' title="bbox 187 1092 1302 1174; baseline 0.002 -16"><span class='ocrx_word' id='word_1_55' title='bbox 187 1092 345 1158; x_wconf 82' lang='lat' dir='ltr'><em>censionis</em></span> <span class='ocrx_word' id='word_1_56' title='bbox 366 1092 410 1174; x_wconf 90' lang='lat' dir='ltr'><em>D,</em></span> <span class='ocrx_word' id='word_1_57' title='bbox 441 1115 462 1157; x_wconf 90' lang='lat' dir='ltr'><em>a</em></span> <span class='ocrx_word' id='word_1_58' title='bbox 491 1093 596 1173; x_wconf 84' lang='lat' dir='ltr'><em>fratre</em></span> <span class='ocrx_word' id='word_1_59' title='bbox 623 1093 849 1159; x_wconf 88' lang='lat' dir='ltr'><em>Praedicatore</em></span> <span class='ocrx_word' id='word_1_60' title='bbox 879 1094 1009 1159; x_wconf 75' lang='lat' dir='ltr'><em>Snercioo</em></span> <span class='ocrx_word' id='word_1_61' title='bbox 1037 1094 1152 1174; x_wconf 86' lang='lat' dir='ltr'><em>factae,</em></span> <span class='ocrx_word' id='word_1_62' title='bbox 1183 1093 1302 1160; x_wconf 89' lang='lat' dir='ltr'><em>omisis·</em></span> 
     </span>
     <span class='ocr_line' id='line_1_9' title="bbox 187 1181 1302 1264; baseline 0.003 -18"><span class='ocrx_word' id='word_1_63' title='bbox 187 1202 271 1261; x_wconf 87' lang='lat' dir='ltr'><em>sem,·</em></span> <span class='ocrx_word' id='word_1_64' title='bbox 308 1183 391 1262; x_wconf 79' lang='lat' dir='ltr'><em>quod</em></span> <span class='ocrx_word' id='word_1_65' title='bbox 422 1181 547 1261; x_wconf 79' lang='lat' dir='ltr'><em>faciens</em></span> <span class='ocrx_word' id='word_1_66' title='bbox 579 1183 853 1263; x_wconf 77' lang='lat' dir='ltr'><em>reprehendendus</em></span> <span class='ocrx_word' id='word_1_67' title='bbox 885 1203 951 1248; x_wconf 91' lang='lat' dir='ltr'><em>non</em></span> <span class='ocrx_word' id='word_1_68' title='bbox 983 1182 1131 1264; x_wconf 81' lang='lat' dir='ltr'><em>fuissem,</em></span> <span class='ocrx_word' id='word_1_69' title='bbox 1166 1185 1222 1249; x_wconf 92' lang='lat' dir='ltr'><em>sed</em></span> <span class='ocrx_word' id='word_1_70' title='bbox 1253 1203 1302 1249; x_wconf 77' lang='lat' dir='ltr'><em>ecc·</em></span> 
     </span>
     <span class='ocr_line' id='line_1_10' title="bbox 187 1269 1302 1353; baseline 0.004 -19"><span class='ocrx_word' id='word_1_71' title='bbox 187 1269 356 1335; x_wconf 80' lang='lat' dir='ltr'><em>bibendam</em></span> <span class='ocrx_word' id='word_1_72' title='bbox 386 1291 455 1335; x_wconf 90' lang='lat' dir='ltr'><em>eam</em></span> <span class='ocrx_word' id='word_1_73' title='bbox 484 1269 571 1352; x_wconf 77' lang='lat' dir='ltr'><em>duni,</em></span> <span class='ocrx_word' id='word_1_74' title='bbox 601 1277 645 1351; x_wconf 92' lang='lat' dir='ltr'><em>ut,</em></span> <span class='ocrx_word' id='word_1_75' title='bbox 675 1271 825 1352; x_wconf 79' lang='lat' dir='ltr'><em>quomodo</em></span> <span class='ocrx_word' id='word_1_76' title='bbox 854 1271 933 1336; x_wconf 89' lang='lat' dir='ltr'><em>liber</em></span> <span class='ocrx_word' id='word_1_77' title='bbox 956 1271 1150 1351; x_wconf 78' lang='lat' dir='ltr'><em>deformatus</em></span> <span class='ocrx_word' id='word_1_78' title='bbox 1179 1271 1229 1353; x_wconf 90' lang='lat' dir='ltr'><em>sit,</em></span> <span class='ocrx_word' id='word_1_79' title='bbox 1254 1273 1302 1338; x_wconf 87' lang='lat' dir='ltr'><em>de·</em></span> 
     </span>
     <span class='ocr_line' id='line_1_11' title="bbox 152 1355 1298 1442; baseline 0.001 -19"><span class='ocrx_word' id='word_1_80' title='bbox 152 1383 178 1423; x_wconf 86' lang='lat'><em>10</em></span> <span class='ocrx_word' id='word_1_81' title='bbox 187 1359 424 1440; x_wconf 65' lang='lat' dir='ltr'><em>monstrorum,</em></span> <span class='ocrx_word' id='word_1_82' title='bbox 452 1379 550 1442; x_wconf 79' lang='lat' dir='ltr'><em>neque</em></span> <span class='ocrx_word' id='word_1_83' title='bbox 577 1359 704 1424; x_wconf 91' lang='lat' dir='ltr'><em>variam</em></span> <span class='ocrx_word' id='word_1_84' title='bbox 733 1359 893 1425; x_wconf 89' lang='lat' dir='ltr'><em>lectionem</em></span> <span class='ocrx_word' id='word_1_85' title='bbox 922 1360 1076 1426; x_wconf 74' lang='lat' dir='ltr'><em>libramen</em></span> <span class='ocrx_word' id='word_1_86' title='bbox 1105 1360 1140 1425; x_wconf 91' lang='lat' dir='ltr'><em>D</em></span> <span class='ocrx_word' id='word_1_87' title='bbox 1164 1367 1193 1424; x_wconf 90' lang='lat'><em>1.</em></span> <span class='ocrx_word' id='word_1_88' title='bbox 1219 1355 1298 1424; x_wconf 63' lang='lat' dir='ltr'><em>1⁸*-b</em></span> 
     </span>
     <span class='ocr_line' id='line_1_12' title="bbox 180 1446 1304 1531; baseline 0.003 -19"><span class='ocrx_word' id='word_1_89' title='bbox 180 1447 311 1531; x_wconf 85' lang='lat' dir='ltr'><em>penitus</em></span> <span class='ocrx_word' id='word_1_90' title='bbox 334 1446 436 1526; x_wconf 87' lang='lat' dir='ltr'><em>omisi,</em></span> <span class='ocrx_word' id='word_1_91' title='bbox 461 1447 587 1513; x_wconf 90' lang='lat' dir='ltr'><em>etiamsi</em></span> <span class='ocrx_word' id='word_1_92' title='bbox 609 1469 674 1513; x_wconf 89' lang='lat' dir='ltr'><em>non</em></span> <span class='ocrx_word' id='word_1_93' title='bbox 696 1469 817 1513; x_wconf 82' lang='lat' dir='ltr'><em>ornnem</em></span> <span class='ocrx_word' id='word_1_94' title='bbox 832 1448 994 1514; x_wconf 84' lang='lat' dir='ltr'><em>adnotavi.</em></span> <span class='ocrx_word' id='word_1_95' title='bbox 1029 1449 1162 1514; x_wconf 86' lang='lat' dir='ltr'><em>Litteris</em></span> <span class='ocrx_word' id='word_1_96' title='bbox 1177 1450 1210 1515; x_wconf 92' lang='grc' dir='ltr'><strong><em>Β</em></strong></span> <span class='ocrx_word' id='word_1_97' title='bbox 1225 1456 1255 1515; x_wconf 91' lang='lat' dir='ltr'><em>et</em></span> <span class='ocrx_word' id='word_1_98' title='bbox 1269 1450 1304 1515; x_wconf 90' lang='lat' dir='ltr'><em>D</em></span> 
     </span>
     <span class='ocr_line' id='line_1_13' title="bbox 187 1535 1303 1620; baseline 0.002 -18"><span class='ocrx_word' id='word_1_99' title='bbox 187 1535 315 1620; x_wconf 77' lang='lat' dir='ltr'><em>siynovi</em></span> <span class='ocrx_word' id='word_1_100' title='bbox 337 1535 498 1602; x_wconf 67' lang='lat' dir='ltr'><em>lenimen</em></span> <span class='ocrx_word' id='word_1_101' title='bbox 520 1537 760 1620; x_wconf 73' lang='lat' dir='ltr'><em>archetyporum</em></span> <span class='ocrx_word' id='word_1_102' title='bbox 781 1538 897 1604; x_wconf 80' lang='lat' dir='ltr'><em>barum</em></span> <span class='ocrx_word' id='word_1_103' title='bbox 916 1538 1142 1620; x_wconf 91' lang='lat' dir='ltr'><em>recensionnm,</em></span> <span class='ocrx_word' id='word_1_104' title='bbox 1165 1558 1245 1620; x_wconf 78' lang='lat' dir='ltr'><em>quae</em></span> <span class='ocrx_word' id='word_1_105' title='bbox 1265 1559 1303 1604; x_wconf 80' lang='lat' dir='ltr'><em>ea</em></span> 
     </span>
     <span class='ocr_line' id='line_1_14' title="bbox 187 1625 1303 1708; baseline 0.002 -17"><span class='ocrx_word' id='word_1_106' title='bbox 187 1646 339 1691; x_wconf 85' lang='lat' dir='ltr'><em>consensu</em></span> <span class='ocrx_word' id='word_1_107' title='bbox 368 1625 520 1690; x_wconf 79' lang='lat' dir='ltr'><em>librorum</em></span> <span class='ocrx_word' id='word_1_108' title='bbox 548 1625 673 1691; x_wconf 88' lang='lat' dir='ltr'><em>restitui</em></span> <span class='ocrx_word' id='word_1_109' title='bbox 694 1632 829 1708; x_wconf 87' lang='lat' dir='ltr'><em>poterat,</em></span> <span class='ocrx_word' id='word_1_110' title='bbox 860 1627 984 1692; x_wconf 90' lang='lat' dir='ltr'><em>etiamsi</em></span> <span class='ocrx_word' id='word_1_111' title='bbox 1012 1647 1077 1692; x_wconf 93' lang='lat' dir='ltr'><em>non</em></span> <span class='ocrx_word' id='word_1_112' title='bbox 1107 1648 1213 1692; x_wconf 88' lang='lat' dir='ltr'><em>omnes</em></span> <span class='ocrx_word' id='word_1_113' title='bbox 1234 1649 1303 1693; x_wconf 91' lang='lat' dir='ltr'><em>con·</em></span> 
     </span>
     <span class='ocr_line' id='line_1_15' title="bbox 187 1713 1302 1797; baseline 0.002 -19"><span class='ocrx_word' id='word_1_114' title='bbox 187 1713 370 1779; x_wconf 83' lang='lat' dir='ltr'><em>sentiebant.</em></span> <span class='ocrx_word' id='word_1_115' title='bbox 421 1715 466 1780; x_wconf 91' lang='lat' dir='ltr'><em>In</em></span> <span class='ocrx_word' id='word_1_116' title='bbox 499 1734 534 1780; x_wconf 91' lang='lat' dir='ltr'><em>re</em></span> <span class='ocrx_word' id='word_1_117' title='bbox 567 1714 811 1797; x_wconf 76' lang='lat' dir='ltr'><em>ortbopraplvica</em></span> <span class='ocrx_word' id='word_1_118' title='bbox 843 1714 1067 1780; x_wconf 89' lang='lat' dir='ltr'><em>vetustissimos</em></span> <span class='ocrx_word' id='word_1_119' title='bbox 1099 1715 1197 1781; x_wconf 91' lang='lat' dir='ltr'><em>libros</em></span> <span class='ocrx_word' id='word_1_120' title='bbox 1231 1716 1302 1782; x_wconf 81' lang='lat'><em>01.</em></span> 
     </span>
     <span class='ocr_line' id='line_1_16' title="bbox 153 1796 1303 1871; baseline 0.004 -5"><span class='ocrx_word' id='word_1_121' title='bbox 153 1802 268 1867; x_wconf 84' lang='lat' dir='ltr'><em>1le.</em></span> <span class='ocrx_word' id='word_1_122' title='bbox 289 1796 327 1866; x_wconf 76' lang='lat'><em>1¹³</em></span> <span class='ocrx_word' id='word_1_123' title='bbox 360 1802 519 1868; x_wconf 68' lang='lat' dir='ltr'><em>manime⁴</em></span> <span class='ocrx_word' id='word_1_124' title='bbox 547 1809 577 1868; x_wconf 93' lang='lat' dir='ltr'><em>et</em></span> <span class='ocrx_word' id='word_1_125' title='bbox 605 1823 789 1869; x_wconf 88' lang='lat' dir='ltr'><em>consensum</em></span> <span class='ocrx_word' id='word_1_126' title='bbox 819 1803 972 1870; x_wconf 85' lang='lat' dir='ltr'><em>librorum</em></span> <span class='ocrx_word' id='word_1_127' title='bbox 1000 1805 1033 1869; x_wconf 79' lang='lat' dir='ltr'><em>A</em></span> <span class='ocrx_word' id='word_1_128' title='bbox 1055 1811 1083 1868; x_wconf 94' lang='grc'><em>1.</em></span> <span class='ocrx_word' id='word_1_129' title='bbox 1113 1804 1141 1870; x_wconf 80' lang='lat' dir='ltr'><em>(l</em></span> <span class='ocrx_word' id='word_1_130' title='bbox 1158 1811 1230 1870; x_wconf 86' lang='grc'><em>1.2</em></span> <span class='ocrx_word' id='word_1_131' title='bbox 1260 1827 1303 1871; x_wconf 90' lang='lat' dir='ltr'><em>se·</em></span> 
     </span>
     <span class='ocr_line' id='line_1_17' title="bbox 188 1891 1304 1976; baseline 0.001 -19"><span class='ocrx_word' id='word_1_132' title='bbox 188 1897 276 1957; x_wconf 84' lang='lat' dir='ltr'><em>cutus</em></span> <span class='ocrx_word' id='word_1_133' title='bbox 304 1913 383 1974; x_wconf 92' lang='lat' dir='ltr'><em>sum,</em></span> <span class='ocrx_word' id='word_1_134' title='bbox 418 1891 661 1975; x_wconf 77' lang='lat' dir='ltr'><em>ortboprapbica</em></span> <span class='ocrx_word' id='word_1_135' title='bbox 689 1891 817 1958; x_wconf 90' lang='lat' dir='ltr'><em>omnino</em></span> <span class='ocrx_word' id='word_1_136' title='bbox 851 1913 916 1958; x_wconf 92' lang='lat' dir='ltr'><em>non</em></span> <span class='ocrx_word' id='word_1_137' title='bbox 948 1893 1084 1976; x_wconf 77' lang='lat' dir='ltr'><em>exceptis</em></span> <span class='ocrx_word' id='word_1_138' title='bbox 1116 1894 1304 1976; x_wconf 78' lang='lat' dir='ltr'><em>quibusdam</em></span> 
     </span>
     <span class='ocr_line' id='line_1_18' title="bbox 187 1979 551 2046; baseline -0.003 -1"><span class='ocrx_word' id='word_1_139' title='bbox 187 1979 367 2046; x_wconf 80' lang='lat' dir='ltr'><em>numinibus</em></span> <span class='ocrx_word' id='word_1_140' title='bbox 389 1979 551 2046; x_wconf 84' lang='lat' dir='ltr'><em>adnotavi.</em></span> 
     </span>
     <span class='ocr_line' id='line_1_19' title="bbox 295 2069 1303 2152; baseline 0.002 -18"><span class='ocrx_word' id='word_1_141' title='bbox 295 2070 339 2134; x_wconf 91' lang='lat' dir='ltr'><em>In</em></span> <span class='ocrx_word' id='word_1_142' title='bbox 368 2075 452 2134; x_wconf 82' lang='lat' dir='ltr'><em>tenta</em></span> <span class='ocrx_word' id='word_1_143' title='bbox 474 2069 599 2152; x_wconf 83' lang='lat' dir='ltr'><em>prioris</em></span> <span class='ocrx_word' id='word_1_144' title='bbox 628 2069 777 2135; x_wconf 88' lang='lat' dir='ltr'><em>editionis</em></span> <span class='ocrx_word' id='word_1_145' title='bbox 805 2091 891 2136; x_wconf 87' lang='lat' dir='ltr'><em>meae</em></span> <span class='ocrx_word' id='word_1_146' title='bbox 918 2091 983 2136; x_wconf 90' lang='lat' dir='ltr'><em>non</em></span> <span class='ocrx_word' id='word_1_147' title='bbox 1012 2071 1120 2152; x_wconf 91' lang='lat' dir='ltr'><em>multa,</em></span> <span class='ocrx_word' id='word_1_148' title='bbox 1151 2073 1207 2136; x_wconf 86' lang='lat' dir='ltr'><em>sed</em></span> <span class='ocrx_word' id='word_1_149' title='bbox 1228 2092 1303 2136; x_wconf 92' lang='lat' dir='ltr'><em>non·</em></span> 
     </span>
     <span class='ocr_line' id='line_1_20' title="bbox 187 2156 1305 2242; baseline 0.003 -20"><span class='ocrx_word' id='word_1_150' title='bbox 187 2157 279 2223; x_wconf 90' lang='lat' dir='ltr'><em>nulla</em></span> <span class='ocrx_word' id='word_1_151' title='bbox 298 2156 416 2241; x_wconf 80' lang='lat' dir='ltr'><em>provio</em></span> <span class='ocrx_word' id='word_1_152' title='bbox 438 2159 635 2224; x_wconf 65' lang='lat' dir='ltr'><em>emendawa</em></span> <span class='ocrx_word' id='word_1_153' title='bbox 657 2157 776 2240; x_wconf 91' lang='lat' dir='ltr'><em>inveni,</em></span> <span class='ocrx_word' id='word_1_154' title='bbox 800 2165 990 2242; x_wconf 66' lang='lat' dir='ltr'><em>apparatum</em></span> <span class='ocrx_word' id='word_1_155' title='bbox 1014 2159 1158 2225; x_wconf 85' lang='lat' dir='ltr'><em>mitieum</em></span> <span class='ocrx_word' id='word_1_156' title='bbox 1174 2160 1305 2241; x_wconf 87' lang='lat' dir='ltr'><em>penitus</em></span> 
     </span>
     <span class='ocr_line' id='line_1_21' title="bbox 152 2245 1303 2332; baseline 0.001 -19"><span class='ocrx_word' id='word_1_157' title='bbox 152 2245 382 2313; x_wconf 81' lang='lat' dir='ltr'><em>nimmutavi⁶.</em></span> <span class='ocrx_word' id='word_1_158' title='bbox 414 2246 613 2330; x_wconf 77' lang='lat' dir='ltr'><em>Dilipentius</em></span> <span class='ocrx_word' id='word_1_159' title='bbox 633 2253 801 2329; x_wconf 86' lang='lat' dir='ltr'><em>scrutatus,</em></span> <span class='ocrx_word' id='word_1_160' title='bbox 825 2268 902 2329; x_wconf 80' lang='lat' dir='ltr'><em>quos</em></span> <span class='ocrx_word' id='word_1_161' title='bbox 924 2247 1022 2314; x_wconf 85' lang='lat' dir='ltr'><em>libros</em></span> <span class='ocrx_word' id='word_1_162' title='bbox 1044 2255 1152 2313; x_wconf 90' lang='lat' dir='ltr'><em>auctor</em></span> <span class='ocrx_word' id='word_1_163' title='bbox 1170 2249 1303 2332; x_wconf 81' lang='lat' dir='ltr'><em>ecserip</em></span> 
     </span>
     <span class='ocr_line' id='line_1_22' title="bbox 153 2334 1305 2419; baseline -0.003 -13"><span class='ocrx_word' id='word_1_164' title='bbox 153 2398 155 2406; x_wconf 28' lang='lat' dir='ltr'><strong>f</strong></span> <span class='ocrx_word' id='word_1_165' title='bbox 187 2334 273 2416; x_wconf 85' lang='lat' dir='ltr'><em>serit,</em></span> <span class='ocrx_word' id='word_1_166' title='bbox 297 2336 357 2402; x_wconf 81' lang='lat' dir='ltr'><em>icoc</em></span> <span class='ocrx_word' id='word_1_167' title='bbox 378 2335 416 2400; x_wconf 92' lang='lat' dir='ltr'><em>in</em></span> <span class='ocrx_word' id='word_1_168' title='bbox 438 2356 473 2401; x_wconf 90' lang='lat' dir='ltr'><em>re</em></span> <span class='ocrx_word' id='word_1_169' title='bbox 495 2337 594 2400; x_wconf 90' lang='lat' dir='ltr'><em>multo</em></span> <span class='ocrx_word' id='word_1_170' title='bbox 617 2336 751 2402; x_wconf 82' lang='lat' dir='ltr'><em>carreni.</em></span> <span class='ocrx_word' id='word_1_171' title='bbox 790 2337 854 2402; x_wconf 82' lang='lat' dir='ltr'><em>Sed</em></span> <span class='ocrx_word' id='word_1_172' title='bbox 878 2335 946 2402; x_wconf 92' lang='lat' dir='ltr'><em>iam</em></span> <span class='ocrx_word' id='word_1_173' title='bbox 968 2357 1068 2419; x_wconf 87' lang='lat' dir='ltr'><em>snpra</em></span> <span class='ocrx_word' id='word_1_174' title='bbox 1089 2337 1198 2402; x_wconf 91' lang='lat' dir='ltr'><em>monui</em></span> <span class='ocrx_word' id='word_1_175' title='bbox 1220 2339 1305 2404; x_wconf 85' lang='lat' dir='ltr'><em>leuno</em></span> 
     </span>
     <span class='ocr_line' id='line_1_23' title="bbox 188 2425 1304 2507; baseline 0.003 -19"><span class='ocrx_word' id='word_1_176' title='bbox 188 2425 325 2489; x_wconf 89' lang='lat' dir='ltr'><em>laborem</em></span> <span class='ocrx_word' id='word_1_177' title='bbox 343 2425 480 2490; x_wconf 87' lang='lat' dir='ltr'><em>arduum</em></span> <span class='ocrx_word' id='word_1_178' title='bbox 503 2431 595 2506; x_wconf 75' lang='lat' dir='ltr'><em>atque</em></span> <span class='ocrx_word' id='word_1_179' title='bbox 610 2446 832 2490; x_wconf 88' lang='lat' dir='ltr'><em>aerumnosum</em></span> <span class='ocrx_word' id='word_1_180' title='bbox 846 2425 956 2507; x_wconf 83' lang='lat' dir='ltr'><em>fuisse,</em></span> <span class='ocrx_word' id='word_1_181' title='bbox 980 2447 1078 2507; x_wconf 80' lang='lat' dir='ltr'><em>neque</em></span> <span class='ocrx_word' id='word_1_182' title='bbox 1100 2447 1186 2490; x_wconf 90' lang='lat' dir='ltr'><em>nnnc</em></span> <span class='ocrx_word' id='word_1_183' title='bbox 1209 2425 1304 2492; x_wconf 92' lang='lat' dir='ltr'><em>etiam</em></span> 
     </span>
     <span class='ocr_line' id='line_1_24' title="bbox 188 2513 1304 2595; baseline 0.003 -18"><span class='ocrx_word' id='word_1_184' title='bbox 188 2513 258 2593; x_wconf 82' lang='lat' dir='ltr'><em>fore</em></span> <span class='ocrx_word' id='word_1_185' title='bbox 280 2534 379 2595; x_wconf 85' lang='lat' dir='ltr'><em>spero,</em></span> <span class='ocrx_word' id='word_1_186' title='bbox 403 2520 438 2579; x_wconf 92' lang='lat' dir='ltr'><em>ut</em></span> <span class='ocrx_word' id='word_1_187' title='bbox 459 2535 528 2579; x_wconf 93' lang='lat' dir='ltr'><em>eam</em></span> <span class='ocrx_word' id='word_1_188' title='bbox 551 2513 695 2579; x_wconf 86' lang='lat' dir='ltr'><em>omnibus</em></span> <span class='ocrx_word' id='word_1_189' title='bbox 717 2513 858 2579; x_wconf 90' lang='lat' dir='ltr'><em>numeris</em></span> <span class='ocrx_word' id='word_1_190' title='bbox 880 2513 1074 2595; x_wconf 82' lang='lat' dir='ltr'><em>absolverim,</em></span> <span class='ocrx_word' id='word_1_191' title='bbox 1101 2520 1137 2578; x_wconf 90' lang='lat' dir='ltr'><em>nt</em></span> <span class='ocrx_word' id='word_1_192' title='bbox 1159 2514 1304 2580; x_wconf 88' lang='lat' dir='ltr'><em>munibus</em></span> 
     </span>
     <span class='ocr_line' id='line_1_25' title="bbox 189 2600 1304 2684; baseline 0.002 -18"><span class='ocrx_word' id='word_1_193' title='bbox 189 2600 264 2667; x_wconf 90' lang='lat' dir='ltr'><em>loeis</em></span> <span class='ocrx_word' id='word_1_194' title='bbox 281 2623 389 2667; x_wconf 78' lang='lat' dir='ltr'><em>vuum</em></span> <span class='ocrx_word' id='word_1_195' title='bbox 404 2602 522 2682; x_wconf 82' lang='lat' dir='ltr'><em>fontem</em></span> <span class='ocrx_word' id='word_1_196' title='bbox 545 2601 770 2684; x_wconf 80' lang='lat' dir='ltr'><em>adscripserim</em></span> <span class='ocrx_word' id='word_1_197' title='bbox 781 2603 802 2665; x_wconf 83' lang='lat'><em>⁶.</em></span> <span class='ocrx_word' id='word_1_198' title='bbox 842 2603 1004 2684; x_wconf 58' lang='lat' dir='ltr'><em>Quidam</em></span> <span class='ocrx_word' id='word_1_199' title='bbox 1026 2603 1086 2668; x_wconf 84' lang='lat' dir='ltr'><em>leno</em></span> <span class='ocrx_word' id='word_1_200' title='bbox 1107 2603 1145 2667; x_wconf 91' lang='lat' dir='ltr'><em>in</em></span> <span class='ocrx_word' id='word_1_201' title='bbox 1167 2623 1204 2668; x_wconf 94' lang='lat' dir='ltr'><em>re</em></span> <span class='ocrx_word' id='word_1_202' title='bbox 1225 2601 1304 2668; x_wconf 86' lang='lat' dir='ltr'><em>socii</em></span> 
     </span>
    </p>
   </div>
   <div class='ocr_carea' id='block_1_3' title="bbox 152 2865 1305 4073">
    <p class='ocr_par' dir='ltr' id='par_1_3' title="bbox 152 2865 1305 4073">
     <span class='ocr_line' id='line_1_26' title="bbox 152 2865 1304 2934; baseline -0.001 -15"><span class='ocrx_word' id='word_1_203' title='bbox 152 2879 179 2919; x_wconf 78' lang='lat' dir='ltr'><em>so</em></span> <span class='ocrx_word' id='word_1_204' title='bbox 191 2865 216 2932; x_wconf 86' lang='lat'><em>1)</em></span> <span class='ocrx_word' id='word_1_205' title='bbox 236 2865 287 2918; x_wconf 84' lang='lat' dir='ltr'><em>Sed</em></span> <span class='ocrx_word' id='word_1_206' title='bbox 304 2867 384 2918; x_wconf 68' lang='lat' dir='ltr'><em>omisi</em></span> <span class='ocrx_word' id='word_1_207' title='bbox 399 2881 466 2932; x_wconf 77' lang='lat' dir='ltr'><em>quae</em></span> <span class='ocrx_word' id='word_1_208' title='bbox 478 2881 496 2916; x_wconf 92' lang='lat' dir='ltr'><em>a</em></span> <span class='ocrx_word' id='word_1_209' title='bbox 508 2865 603 2919; x_wconf 81' lang='lat' dir='ltr'><em>scribis</em></span> <span class='ocrx_word' id='word_1_210' title='bbox 613 2867 729 2918; x_wconf 87' lang='lat' dir='ltr'><em>codicum</em></span> <span class='ocrx_word' id='word_1_211' title='bbox 748 2865 773 2916; x_wconf 77' lang='lat' dir='ltr'><em>A</em></span> <span class='ocrx_word' id='word_1_212' title='bbox 784 2868 808 2920; x_wconf 94' lang='lat'><em>1.</em></span> <span class='ocrx_word' id='word_1_213' title='bbox 823 2865 875 2921; x_wconf 84' lang='lat'><em>01.</em></span> <span class='ocrx_word' id='word_1_214' title='bbox 885 2867 911 2933; x_wconf 77' lang='lat'><em>2,</em></span> <span class='ocrx_word' id='word_1_215' title='bbox 931 2882 996 2934; x_wconf 76' lang='lat' dir='ltr'><em>quos</em></span> <span class='ocrx_word' id='word_1_216' title='bbox 1012 2868 1191 2919; x_wconf 76' lang='lat' dir='ltr'><em>incensionum</em></span> <span class='ocrx_word' id='word_1_217' title='bbox 1210 2868 1304 2918; x_wconf 78' lang='lat' dir='ltr'><em>tertiae</em></span> 
     </span>
     <span class='ocr_line' id='line_1_27' title="bbox 188 2936 1303 3006; baseline 0.004 -18"><span class='ocrx_word' id='word_1_218' title='bbox 188 2943 212 2988; x_wconf 88' lang='lat' dir='ltr'><em>et</em></span> <span class='ocrx_word' id='word_1_219' title='bbox 230 2941 342 3004; x_wconf 78' lang='lat' dir='ltr'><em>quartem</em></span> <span class='ocrx_word' id='word_1_220' title='bbox 359 2943 383 2990; x_wconf 88' lang='lat' dir='ltr'><em>ct</em></span> <span class='ocrx_word' id='word_1_221' title='bbox 396 2939 504 3003; x_wconf 81' lang='lat' dir='ltr'><em>primae</em></span> <span class='ocrx_word' id='word_1_222' title='bbox 522 2967 556 2975; x_wconf 96' lang='lat'>-</span> <span class='ocrx_word' id='word_1_223' title='bbox 575 2938 622 2988; x_wconf 88' lang='lat' dir='ltr'><em>ubi</em></span> <span class='ocrx_word' id='word_1_224' title='bbox 640 2938 691 2992; x_wconf 74' lang='lat' dir='ltr'><em>An</em></span> <span class='ocrx_word' id='word_1_225' title='bbox 709 2936 795 3000; x_wconf 77' lang='lat' dir='ltr'><em>deficit</em></span> <span class='ocrx_word' id='word_1_226' title='bbox 814 2965 847 2974; x_wconf 88' lang='lat'><em>-</em></span> <span class='ocrx_word' id='word_1_227' title='bbox 866 2939 957 2991; x_wconf 87' lang='lat' dir='ltr'><em>unicos</em></span> <span class='ocrx_word' id='word_1_228' title='bbox 975 2938 1108 3002; x_wconf 81' lang='lat' dir='ltr'><em>habemns,</em></span> <span class='ocrx_word' id='word_1_229' title='bbox 1124 2944 1233 3006; x_wconf 84' lang='lat' dir='ltr'><em>peecata</em></span> <span class='ocrx_word' id='word_1_230' title='bbox 1250 2953 1303 2992; x_wconf 82' lang='lat' dir='ltr'><em>esse</em></span> 
     </span>
     <span class='ocr_line' id='line_1_28' title="bbox 188 3006 1298 3075; baseline 0.005 -15"><span class='ocrx_word' id='word_1_231' title='bbox 188 3008 353 3063; x_wconf 84' lang='lat' dir='ltr'><em>videbantur.</em></span> <span class='ocrx_word' id='word_1_232' title='bbox 406 3009 435 3073; x_wconf 84' lang='lat'><em>2)</em></span> <span class='ocrx_word' id='word_1_233' title='bbox 451 3009 540 3075; x_wconf 77' lang='lat' dir='ltr'><em>Neque</em></span> <span class='ocrx_word' id='word_1_234' title='bbox 551 3013 638 3061; x_wconf 75' lang='lat' dir='ltr'><em>monn</em></span> <span class='ocrx_word' id='word_1_235' title='bbox 654 3009 745 3061; x_wconf 84' lang='lat' dir='ltr'><em>amnia</em></span> <span class='ocrx_word' id='word_1_236' title='bbox 757 3007 836 3060; x_wconf 84' lang='lat' dir='ltr'><em>verba</em></span> <span class='ocrx_word' id='word_1_237' title='bbox 847 3011 1011 3075; x_wconf 86' lang='lat' dir='ltr'><em>transposita</em></span> <span class='ocrx_word' id='word_1_238' title='bbox 1024 3010 1150 3062; x_wconf 83' lang='lat' dir='ltr'><em>classium</em></span> <span class='ocrx_word' id='word_1_239' title='bbox 1162 3006 1298 3064; x_wconf 68' lang='lat' dir='ltr'><em>131.1⁸·b</em></span> 
     </span>
     <span class='ocr_line' id='line_1_29' title="bbox 188 3078 1304 3148; baseline 0.003 -18"><span class='ocrx_word' id='word_1_240' title='bbox 188 3081 215 3131; x_wconf 87' lang='lat' dir='ltr'><em>et</em></span> <span class='ocrx_word' id='word_1_241' title='bbox 232 3078 293 3132; x_wconf 81' lang='lat'><em>132.</em></span> <span class='ocrx_word' id='word_1_242' title='bbox 306 3080 387 3134; x_wconf 79' lang='lat'><em>2⁸.3</em></span> <span class='ocrx_word' id='word_1_243' title='bbox 411 3079 546 3134; x_wconf 84' lang='lat' dir='ltr'><em>adnotavi.</em></span> <span class='ocrx_word' id='word_1_244' title='bbox 623 3079 651 3148; x_wconf 91' lang='grc'><em>3)</em></span> <span class='ocrx_word' id='word_1_245' title='bbox 674 3079 807 3144; x_wconf 82' lang='lat' dir='ltr'><em>Perpendi</em></span> <span class='ocrx_word' id='word_1_246' title='bbox 830 3082 909 3132; x_wconf 85' lang='lat' dir='ltr'><em>etiam</em></span> <span class='ocrx_word' id='word_1_247' title='bbox 934 3081 1015 3132; x_wconf 88' lang='lat' dir='ltr'><em>libros</em></span> <span class='ocrx_word' id='word_1_248' title='bbox 1039 3081 1120 3132; x_wconf 78' lang='lat' dir='ltr'><em>leuius</em></span> <span class='ocrx_word' id='word_1_249' title='bbox 1144 3082 1304 3133; x_wconf 74' lang='lat' dir='ltr'><em>recensionis</em></span> 
     </span>
     <span class='ocr_line' id='line_1_30' title="bbox 192 3146 1303 3219; baseline 0.004 -19"><span class='ocrx_word' id='word_1_250' title='bbox 192 3146 304 3204; x_wconf 83' lang='lat' dir='ltr'><em>D1.1b</em></span> <span class='ocrx_word' id='word_1_251' title='bbox 328 3152 445 3203; x_wconf 85' lang='lat' dir='ltr'><em>omnium</em></span> <span class='ocrx_word' id='word_1_252' title='bbox 463 3152 649 3204; x_wconf 57' lang='lat' dir='ltr'><em>mandamns</em></span> <span class='ocrx_word' id='word_1_253' title='bbox 667 3165 726 3203; x_wconf 87' lang='lat' dir='ltr'><em>esse.</em></span> <span class='ocrx_word' id='word_1_254' title='bbox 780 3149 808 3215; x_wconf 78' lang='lat'><em>4)</em></span> <span class='ocrx_word' id='word_1_255' title='bbox 832 3149 904 3203; x_wconf 86' lang='lat' dir='ltr'><em>Unde</em></span> <span class='ocrx_word' id='word_1_256' title='bbox 921 3153 1011 3215; x_wconf 85' lang='lat' dir='ltr'><em>evenit,</em></span> <span class='ocrx_word' id='word_1_257' title='bbox 1029 3157 1067 3217; x_wconf 87' lang='lat' dir='ltr'><em>ut,</em></span> <span class='ocrx_word' id='word_1_258' title='bbox 1087 3167 1145 3202; x_wconf 89' lang='lat' dir='ltr'><em>eum</em></span> <span class='ocrx_word' id='word_1_259' title='bbox 1163 3153 1194 3203; x_wconf 89' lang='lat' dir='ltr'><em>in</em></span> <span class='ocrx_word' id='word_1_260' title='bbox 1210 3152 1303 3219; x_wconf 86' lang='lat' dir='ltr'><em>priore</em></span> 
     </span>
     <span class='ocr_line' id='line_1_31' title="bbox 153 3220 1303 3290; baseline -0.001 -15"><span class='ocrx_word' id='word_1_261' title='bbox 153 3221 300 3275; x_wconf 73' lang='lat' dir='ltr'><em>mentitam</em></span> <span class='ocrx_word' id='word_1_262' title='bbox 317 3221 413 3288; x_wconf 76' lang='lat' dir='ltr'><em>ubique</em></span> <span class='ocrx_word' id='word_1_263' title='bbox 430 3221 455 3274; x_wconf 86' lang='lat' dir='ltr'><em>oi</em></span> <span class='ocrx_word' id='word_1_264' title='bbox 475 3237 530 3290; x_wconf 87' lang='lat' dir='ltr'><em>pro</em></span> <span class='ocrx_word' id='word_1_265' title='bbox 553 3220 574 3273; x_wconf 82' lang='lat' dir='ltr'><em>ii</em></span> <span class='ocrx_word' id='word_1_266' title='bbox 593 3223 757 3288; x_wconf 74' lang='lat' dir='ltr'><em>sempeissun</em></span> <span class='ocrx_word' id='word_1_267' title='bbox 775 3221 970 3273; x_wconf 81' lang='lat' dir='ltr'><em>medtitudinem</em></span> <span class='ocrx_word' id='word_1_268' title='bbox 989 3222 1120 3274; x_wconf 89' lang='lat' dir='ltr'><em>librorum</em></span> <span class='ocrx_word' id='word_1_269' title='bbox 1138 3229 1247 3286; x_wconf 79' lang='lat' dir='ltr'><em>secedas,</em></span> <span class='ocrx_word' id='word_1_270' title='bbox 1273 3223 1303 3274; x_wconf 89' lang='lat' dir='ltr'><em>in</em></span> 
     </span>
     <span class='ocr_line' id='line_1_32' title="bbox 189 3291 1305 3359; baseline 0.001 -16"><span class='ocrx_word' id='word_1_271' title='bbox 189 3293 239 3344; x_wconf 83' lang='lat' dir='ltr'><em>bae</em></span> <span class='ocrx_word' id='word_1_272' title='bbox 252 3292 410 3359; x_wconf 80' lang='lat' dir='ltr'><em>plerumque</em></span> <span class='ocrx_word' id='word_1_273' title='bbox 427 3292 449 3344; x_wconf 82' lang='lat' dir='ltr'><em>ti</em></span> <span class='ocrx_word' id='word_1_274' title='bbox 466 3295 636 3347; x_wconf 88' lang='lat' dir='ltr'><em>restituerim.</em></span> <span class='ocrx_word' id='word_1_275' title='bbox 667 3293 702 3344; x_wconf 93' lang='lat' dir='ltr'><em>In</em></span> <span class='ocrx_word' id='word_1_276' title='bbox 714 3291 764 3343; x_wconf 78' lang='lat' dir='ltr'><em>trac</em></span> <span class='ocrx_word' id='word_1_277' title='bbox 775 3307 805 3344; x_wconf 89' lang='lat' dir='ltr'><em>re</em></span> <span class='ocrx_word' id='word_1_278' title='bbox 817 3295 933 3344; x_wconf 79' lang='lat' dir='ltr'><em>manime</em></span> <span class='ocrx_word' id='word_1_279' title='bbox 949 3293 1097 3345; x_wconf 88' lang='lat' dir='ltr'><em>notandam</em></span> <span class='ocrx_word' id='word_1_280' title='bbox 1114 3299 1151 3346; x_wconf 85' lang='lat' dir='ltr'><em>est</em></span> <span class='ocrx_word' id='word_1_281' title='bbox 1169 3297 1199 3345; x_wconf 84' lang='lat' dir='ltr'><em>in</em></span> <span class='ocrx_word' id='word_1_282' title='bbox 1211 3293 1305 3345; x_wconf 88' lang='lat' dir='ltr'><em>multis</em></span> 
     </span>
     <span class='ocr_line' id='line_1_33' title="bbox 189 3361 1302 3430; baseline 0.004 -17"><span class='ocrx_word' id='word_1_283' title='bbox 189 3361 268 3414; x_wconf 84' lang='lat' dir='ltr'><em>libris</em></span> <span class='ocrx_word' id='word_1_284' title='bbox 285 3379 349 3418; x_wconf 86' lang='lat' dir='ltr'><em>saec.</em></span> <span class='ocrx_word' id='word_1_285' title='bbox 367 3363 449 3418; x_wconf 85' lang='lat' dir='ltr'><em>XIV.</em></span> <span class='ocrx_word' id='word_1_286' title='bbox 467 3370 491 3418; x_wconf 83' lang='lat' dir='ltr'><em>et</em></span> <span class='ocrx_word' id='word_1_287' title='bbox 507 3365 570 3429; x_wconf 76' lang='lat' dir='ltr'><em>XV,</em></span> <span class='ocrx_word' id='word_1_288' title='bbox 589 3369 620 3416; x_wconf 86' lang='lat' dir='ltr'><em>nt</em></span> <span class='ocrx_word' id='word_1_289' title='bbox 637 3366 667 3415; x_wconf 88' lang='lat' dir='ltr'><em>in</em></span> <span class='ocrx_word' id='word_1_290' title='bbox 687 3363 710 3416; x_wconf 81' lang='lat' dir='ltr'><em>O</em></span> <span class='ocrx_word' id='word_1_291' title='bbox 720 3364 743 3417; x_wconf 94' lang='lat'><em>1.</em></span> <span class='ocrx_word' id='word_1_292' title='bbox 763 3364 820 3418; x_wconf 77' lang='lat' dir='ltr'><em>De</em></span> <span class='ocrx_word' id='word_1_293' title='bbox 838 3364 989 3430; x_wconf 81' lang='lat' dir='ltr'><em>saepissime</em></span> <span class='ocrx_word' id='word_1_294' title='bbox 1005 3379 1060 3416; x_wconf 92' lang='lat' dir='ltr'><em>non</em></span> <span class='ocrx_word' id='word_1_295' title='bbox 1078 3367 1145 3417; x_wconf 85' lang='lat' dir='ltr'><em>satis</em></span> <span class='ocrx_word' id='word_1_296' title='bbox 1162 3371 1231 3418; x_wconf 74' lang='lat' dir='ltr'><em>cerno</em></span> <span class='ocrx_word' id='word_1_297' title='bbox 1248 3366 1302 3417; x_wconf 85' lang='lat' dir='ltr'><em>dis·</em></span> 
     </span>
     <span class='ocr_line' id='line_1_34' title="bbox 189 3433 1303 3504; baseline 0.003 -19"><span class='ocrx_word' id='word_1_298' title='bbox 189 3436 263 3486; x_wconf 78' lang='lat' dir='ltr'><em>ueni</em></span> <span class='ocrx_word' id='word_1_299' title='bbox 275 3450 360 3502; x_wconf 86' lang='lat' dir='ltr'><em>posse,</em></span> <span class='ocrx_word' id='word_1_300' title='bbox 378 3451 443 3487; x_wconf 88' lang='lat' dir='ltr'><em>num</em></span> <span class='ocrx_word' id='word_1_301' title='bbox 461 3433 486 3488; x_wconf 88' lang='lat' dir='ltr'><em>ci</em></span> <span class='ocrx_word' id='word_1_302' title='bbox 503 3452 541 3488; x_wconf 92' lang='lat' dir='ltr'><em>an</em></span> <span class='ocrx_word' id='word_1_303' title='bbox 559 3433 581 3486; x_wconf 80' lang='lat' dir='ltr'><em>ti</em></span> <span class='ocrx_word' id='word_1_304' title='bbox 599 3437 727 3504; x_wconf 85' lang='lat' dir='ltr'><em>seriptum</em></span> <span class='ocrx_word' id='word_1_305' title='bbox 745 3436 789 3488; x_wconf 85' lang='lat' dir='ltr'><em>sit.</em></span> <span class='ocrx_word' id='word_1_306' title='bbox 824 3434 860 3485; x_wconf 92' lang='lat' dir='ltr'><em>In</em></span> <span class='ocrx_word' id='word_1_307' title='bbox 879 3437 976 3502; x_wconf 78' lang='lat' dir='ltr'><em>peiore</em></span> <span class='ocrx_word' id='word_1_308' title='bbox 999 3436 1110 3488; x_wconf 81' lang='lat' dir='ltr'><em>editione</em></span> <span class='ocrx_word' id='word_1_309' title='bbox 1135 3439 1177 3488; x_wconf 74' lang='lat' dir='ltr'><em>sei</em></span> <span class='ocrx_word' id='word_1_310' title='bbox 1198 3437 1303 3502; x_wconf 84' lang='lat' dir='ltr'><em>scripsi,</em></span> 
     </span>
     <span class='ocr_line' id='line_1_35' title="bbox 189 3505 1303 3575; baseline 0.001 -19"><span class='ocrx_word' id='word_1_311' title='bbox 189 3505 258 3572; x_wconf 77' lang='lat' dir='ltr'><em>quod</em></span> <span class='ocrx_word' id='word_1_312' title='bbox 269 3522 339 3558; x_wconf 82' lang='lat' dir='ltr'><em>neum</em></span> <span class='ocrx_word' id='word_1_313' title='bbox 350 3508 436 3572; x_wconf 86' lang='lat' dir='ltr'><em>reieci,</em></span> <span class='ocrx_word' id='word_1_314' title='bbox 455 3522 522 3572; x_wconf 85' lang='lat' dir='ltr'><em>cum,</em></span> <span class='ocrx_word' id='word_1_315' title='bbox 542 3506 590 3558; x_wconf 87' lang='lat' dir='ltr'><em>ubi</em></span> <span class='ocrx_word' id='word_1_316' title='bbox 605 3509 635 3558; x_wconf 90' lang='lat' dir='ltr'><em>in</em></span> <span class='ocrx_word' id='word_1_317' title='bbox 645 3506 774 3574; x_wconf 79' lang='lat' dir='ltr'><em>plurimis</em></span> <span class='ocrx_word' id='word_1_318' title='bbox 791 3505 869 3556; x_wconf 86' lang='lat' dir='ltr'><em>libris</em></span> <span class='ocrx_word' id='word_1_319' title='bbox 881 3507 972 3574; x_wconf 87' lang='lat' dir='ltr'><em>plenis</em></span> <span class='ocrx_word' id='word_1_320' title='bbox 990 3506 1084 3559; x_wconf 71' lang='lat' dir='ltr'><em>amris</em></span> <span class='ocrx_word' id='word_1_321' title='bbox 1095 3509 1225 3575; x_wconf 87' lang='lat' dir='ltr'><em>seriptum</em></span> <span class='ocrx_word' id='word_1_322' title='bbox 1240 3507 1303 3573; x_wconf 78' lang='lat' dir='ltr'><em>lepi-</em></span> 
     </span>
     <span class='ocr_line' id='line_1_36' title="bbox 153 3575 1304 3645; baseline 0 -15"><span class='ocrx_word' id='word_1_323' title='bbox 153 3582 243 3642; x_wconf 80' lang='lat' dir='ltr'><em>estur,</em></span> <span class='ocrx_word' id='word_1_324' title='bbox 269 3575 316 3628; x_wconf 80' lang='lat' dir='ltr'><em>sed</em></span> <span class='ocrx_word' id='word_1_325' title='bbox 338 3580 454 3642; x_wconf 83' lang='lat' dir='ltr'><em>positum</em></span> <span class='ocrx_word' id='word_1_326' title='bbox 472 3579 515 3642; x_wconf 88' lang='lat' dir='ltr'><em>sit,</em></span> <span class='ocrx_word' id='word_1_327' title='bbox 533 3580 564 3629; x_wconf 83' lang='lat' dir='ltr'><em>in</em></span> <span class='ocrx_word' id='word_1_328' title='bbox 581 3577 635 3630; x_wconf 87' lang='lat' dir='ltr'><em>solo</em></span> <span class='ocrx_word' id='word_1_329' title='bbox 652 3577 735 3630; x_wconf 82' lang='lat' dir='ltr'><em>codice</em></span> <span class='ocrx_word' id='word_1_330' title='bbox 753 3576 807 3631; x_wconf 91' lang='lat' dir='ltr'><em>Bl</em></span> <span class='ocrx_word' id='word_1_331' title='bbox 825 3593 901 3643; x_wconf 86' lang='lat' dir='ltr'><em>saepe</em></span> <span class='ocrx_word' id='word_1_332' title='bbox 919 3581 960 3630; x_wconf 82' lang='lat' dir='ltr'><em>set</em></span> <span class='ocrx_word' id='word_1_333' title='bbox 977 3579 1119 3633; x_wconf 84' lang='lat' dir='ltr'><em>invenitur.</em></span> <span class='ocrx_word' id='word_1_334' title='bbox 1154 3578 1190 3630; x_wconf 92' lang='lat' dir='ltr'><em>In</em></span> <span class='ocrx_word' id='word_1_335' title='bbox 1210 3581 1304 3645; x_wconf 83' lang='lat' dir='ltr'><em>priore</em></span> 
     </span>
     <span class='ocr_line' id='line_1_37' title="bbox 188 3647 1302 3716; baseline 0.001 -16"><span class='ocrx_word' id='word_1_336' title='bbox 188 3647 298 3700; x_wconf 85' lang='lat' dir='ltr'><em>editione</em></span> <span class='ocrx_word' id='word_1_337' title='bbox 315 3650 394 3700; x_wconf 88' lang='lat' dir='ltr'><em>etiam</em></span> <span class='ocrx_word' id='word_1_338' title='bbox 411 3649 506 3716; x_wconf 80' lang='lat' dir='ltr'><em>ubique</em></span> <span class='ocrx_word' id='word_1_339' title='bbox 524 3647 571 3716; x_wconf 92' lang='lat' dir='ltr'><em>inp</em></span> <span class='ocrx_word' id='word_1_340' title='bbox 585 3664 639 3716; x_wconf 90' lang='lat' dir='ltr'><em>pro</em></span> <span class='ocrx_word' id='word_1_341' title='bbox 657 3647 714 3714; x_wconf 86' lang='lat' dir='ltr'><em>imp</em></span> <span class='ocrx_word' id='word_1_342' title='bbox 732 3649 837 3714; x_wconf 83' lang='lat' dir='ltr'><em>scripsi,</em></span> <span class='ocrx_word' id='word_1_343' title='bbox 860 3648 930 3714; x_wconf 82' lang='lat' dir='ltr'><em>quod</em></span> <span class='ocrx_word' id='word_1_344' title='bbox 948 3649 978 3699; x_wconf 87' lang='lat' dir='ltr'><em>in</em></span> <span class='ocrx_word' id='word_1_345' title='bbox 996 3649 1065 3700; x_wconf 79' lang='lat' dir='ltr'><em>nanc</em></span> <span class='ocrx_word' id='word_1_346' title='bbox 1082 3651 1178 3701; x_wconf 78' lang='lat' dir='ltr'><em>rarius</em></span> <span class='ocrx_word' id='word_1_347' title='bbox 1195 3649 1302 3716; x_wconf 82' lang='lat' dir='ltr'><em>admisi,</em></span> 
     </span>
     <span class='ocr_line' id='line_1_38' title="bbox 188 3718 1303 3788; baseline 0.004 -19"><span class='ocrx_word' id='word_1_348' title='bbox 188 3735 248 3770; x_wconf 87' lang='lat' dir='ltr'><em>cum</em></span> <span class='ocrx_word' id='word_1_349' title='bbox 272 3719 377 3786; x_wconf 77' lang='lat' dir='ltr'><em>quidem</em></span> <span class='ocrx_word' id='word_1_350' title='bbox 401 3721 431 3771; x_wconf 92' lang='lat' dir='ltr'><em>in</em></span> <span class='ocrx_word' id='word_1_351' title='bbox 453 3719 503 3772; x_wconf 80' lang='lat' dir='ltr'><em>leae</em></span> <span class='ocrx_word' id='word_1_352' title='bbox 524 3721 667 3788; x_wconf 78' lang='lat' dir='ltr'><em>scriptione</em></span> <span class='ocrx_word' id='word_1_353' title='bbox 691 3718 791 3772; x_wconf 83' lang='lat' dir='ltr'><em>eosdem</em></span> <span class='ocrx_word' id='word_1_354' title='bbox 813 3720 891 3772; x_wconf 72' lang='lat' dir='ltr'><em>ctiam</em></span> <span class='ocrx_word' id='word_1_355' title='bbox 919 3719 1001 3772; x_wconf 85' lang='lat' dir='ltr'><em>libros</em></span> <span class='ocrx_word' id='word_1_356' title='bbox 1017 3721 1194 3774; x_wconf 79' lang='lat' dir='ltr'><em>incorestantes</em></span> <span class='ocrx_word' id='word_1_357' title='bbox 1210 3737 1263 3774; x_wconf 87' lang='lat' dir='ltr'><em>csse</em></span> <span class='ocrx_word' id='word_1_358' title='bbox 1280 3727 1303 3773; x_wconf 88' lang='lat' dir='ltr'><em>et</em></span> 
     </span>
     <span class='ocr_line' id='line_1_39' title="bbox 188 3790 1303 3861; baseline 0.002 -19"><span class='ocrx_word' id='word_1_359' title='bbox 188 3791 271 3842; x_wconf 84' lang='lat' dir='ltr'><em>nimis</em></span> <span class='ocrx_word' id='word_1_360' title='bbox 282 3792 353 3842; x_wconf 86' lang='lat' dir='ltr'><em>inter</em></span> <span class='ocrx_word' id='word_1_361' title='bbox 364 3805 391 3842; x_wconf 89' lang='lat' dir='ltr'><em>se</em></span> <span class='ocrx_word' id='word_1_362' title='bbox 403 3790 523 3855; x_wconf 75' lang='lat' dir='ltr'><em>differre,</em></span> <span class='ocrx_word' id='word_1_363' title='bbox 541 3791 586 3843; x_wconf 82' lang='lat' dir='ltr'><em>sed</em></span> <span class='ocrx_word' id='word_1_364' title='bbox 600 3793 711 3858; x_wconf 84' lang='lat' dir='ltr'><em>optimas</em></span> <span class='ocrx_word' id='word_1_365' title='bbox 722 3795 746 3842; x_wconf 86' lang='lat' dir='ltr'><em>el</em></span> <span class='ocrx_word' id='word_1_366' title='bbox 757 3791 943 3861; x_wconf 71' lang='lat' dir='ltr'><em>sanstissimae</em></span> <span class='ocrx_word' id='word_1_367' title='bbox 952 3791 1105 3859; x_wconf 66' lang='lat' dir='ltr'><em>purumque</em></span> <span class='ocrx_word' id='word_1_368' title='bbox 1121 3791 1178 3860; x_wconf 92' lang='lat' dir='ltr'><em>imp</em></span> <span class='ocrx_word' id='word_1_369' title='bbox 1191 3793 1303 3858; x_wconf 87' lang='lat' dir='ltr'><em>(saepis-</em></span> 
     </span>
     <span class='ocr_line' id='line_1_40' title="bbox 188 3860 1303 3929; baseline 0.004 -16"><span class='ocrx_word' id='word_1_370' title='bbox 188 3861 373 3928; x_wconf 79' lang='lat' dir='ltr'><em>simequidem,</em></span> <span class='ocrx_word' id='word_1_371' title='bbox 384 3861 453 3929; x_wconf 76' lang='lat' dir='ltr'><em>quod</em></span> <span class='ocrx_word' id='word_1_372' title='bbox 461 3864 507 3914; x_wconf 80' lang='lat' dir='ltr'><em>ein</em></span> <span class='ocrx_word' id='word_1_373' title='bbox 516 3862 603 3913; x_wconf 87' lang='lat' dir='ltr'><em>dicam</em></span> <span class='ocrx_word' id='word_1_374' title='bbox 615 3868 723 3928; x_wconf 72' lang='lat' dir='ltr'><em>oportet,</em></span> <span class='ocrx_word' id='word_1_375' title='bbox 736 3860 778 3928; x_wconf 85' lang='lat' dir='ltr'><em>ip)</em></span> <span class='ocrx_word' id='word_1_376' title='bbox 787 3861 882 3914; x_wconf 80' lang='lat' dir='ltr'><em>babere</em></span> <span class='ocrx_word' id='word_1_377' title='bbox 894 3861 1076 3917; x_wconf 72' lang='lat' dir='ltr'><em>absmeassem.</em></span> <span class='ocrx_word' id='word_1_378' title='bbox 1093 3862 1216 3916; x_wconf 79' lang='lat' dir='ltr'><em>Prudens</em></span> <span class='ocrx_word' id='word_1_379' title='bbox 1226 3864 1303 3916; x_wconf 80' lang='lat' dir='ltr'><em>leave</em></span> 
     </span>
     <span class='ocr_line' id='line_1_41' title="bbox 152 3933 1303 4002; baseline 0 -16"><span class='ocrx_word' id='word_1_380' title='bbox 152 3947 244 3986; x_wconf 72' lang='lat' dir='ltr'><em>conon</em></span> <span class='ocrx_word' id='word_1_381' title='bbox 261 3935 342 3985; x_wconf 86' lang='lat' dir='ltr'><em>nescit</em></span> <span class='ocrx_word' id='word_1_382' title='bbox 359 3933 409 3984; x_wconf 79' lang='lat' dir='ltr'><em>nae</em></span> <span class='ocrx_word' id='word_1_383' title='bbox 430 3935 460 3984; x_wconf 91' lang='lat' dir='ltr'><em>in</em></span> <span class='ocrx_word' id='word_1_384' title='bbox 484 3949 515 3986; x_wconf 89' lang='lat' dir='ltr'><em>re</em></span> <span class='ocrx_word' id='word_1_385' title='bbox 538 3933 654 3999; x_wconf 73' lang='lat' dir='ltr'><em>adipisci</em></span> <span class='ocrx_word' id='word_1_386' title='bbox 676 3949 717 3984; x_wconf 88' lang='lat' dir='ltr'><em>me</em></span> <span class='ocrx_word' id='word_1_387' title='bbox 733 3935 887 4001; x_wconf 80' lang='lat' dir='ltr'><em>nequivisse,</em></span> <span class='ocrx_word' id='word_1_388' title='bbox 906 3933 971 4000; x_wconf 76' lang='lat' dir='ltr'><em>quil</em></span> <span class='ocrx_word' id='word_1_389' title='bbox 987 3939 1080 3986; x_wconf 83' lang='lat' dir='ltr'><em>auctor</em></span> <span class='ocrx_word' id='word_1_390' title='bbox 1098 3963 1133 3972; x_wconf 96' lang='lat'>-</span> <span class='ocrx_word' id='word_1_391' title='bbox 1150 3937 1207 4002; x_wconf 84' lang='lat' dir='ltr'><em>ipse</em></span> <span class='ocrx_word' id='word_1_392' title='bbox 1224 3936 1303 3986; x_wconf 87' lang='lat' dir='ltr'><em>etiam</em></span> 
     </span>
     <span class='ocr_line' id='line_1_42' title="bbox 189 4004 1302 4073; baseline 0.002 -19"><span class='ocrx_word' id='word_1_393' title='bbox 189 4006 219 4054; x_wconf 89' lang='lat' dir='ltr'><em>in</em></span> <span class='ocrx_word' id='word_1_394' title='bbox 237 4019 267 4054; x_wconf 88' lang='lat' dir='ltr'><em>re</em></span> <span class='ocrx_word' id='word_1_395' title='bbox 285 4004 493 4071; x_wconf 78' lang='lat' dir='ltr'><em>orthopropniea</em></span> <span class='ocrx_word' id='word_1_396' title='bbox 506 4005 606 4071; x_wconf 85' lang='lat' dir='ltr'><em>procul</em></span> <span class='ocrx_word' id='word_1_397' title='bbox 619 4004 699 4056; x_wconf 86' lang='lat' dir='ltr'><em>dnbio</em></span> <span class='ocrx_word' id='word_1_398' title='bbox 716 4007 869 4058; x_wconf 85' lang='lat' dir='ltr'><em>inconstans</em></span> <span class='ocrx_word' id='word_1_399' title='bbox 887 4033 919 4042; x_wconf 89' lang='lat'>—</span> <span class='ocrx_word' id='word_1_400' title='bbox 938 4006 1083 4071; x_wconf 85' lang='lat' dir='ltr'><em>scripserit.</em></span> <span class='ocrx_word' id='word_1_401' title='bbox 1155 4006 1183 4073; x_wconf 82' lang='grc' dir='ltr'><em>δ)</em></span> <span class='ocrx_word' id='word_1_402' title='bbox 1203 4007 1302 4071; x_wconf 86' lang='lat' dir='ltr'><em>Nescio,</em></span> 
     </span>
    </p>
   </div>
   <div class='ocr_carea' id='block_1_4' title="bbox 189 4075 1404 4142">
    <p class='ocr_par' dir='ltr' id='par_1_4' title="bbox 189 4075 1404 4142">
     <span class='ocr_line' id='line_1_43' title="bbox 189 4075 1404 4142; baseline 0.001 -15"><span class='ocrx_word' id='word_1_403' title='bbox 189 4089 240 4141; x_wconf 78' lang='lat' dir='ltr'><em>qao</em></span> <span class='ocrx_word' id='word_1_404' title='bbox 258 4076 329 4127; x_wconf 74' lang='lat' dir='ltr'><em>mam</em></span> <span class='ocrx_word' id='word_1_405' title='bbox 347 4091 410 4126; x_wconf 86' lang='lat' dir='ltr'><em>casu</em></span> <span class='ocrx_word' id='word_1_406' title='bbox 434 4077 619 4127; x_wconf 72' lang='lat' dir='ltr'><em>interveniente</em></span> <span class='ocrx_word' id='word_1_407' title='bbox 642 4077 776 4142; x_wconf 71' lang='lat' dir='ltr'><em>accidunt,</em></span> <span class='ocrx_word' id='word_1_408' title='bbox 801 4083 831 4128; x_wconf 87' lang='lat' dir='ltr'><em>at</em></span> <span class='ocrx_word' id='word_1_409' title='bbox 848 4077 879 4126; x_wconf 89' lang='lat' dir='ltr'><em>in</em></span> <span class='ocrx_word' id='word_1_410' title='bbox 897 4076 1079 4128; x_wconf 86' lang='lat' dir='ltr'><em>additamenta</em></span> <span class='ocrx_word' id='word_1_411' title='bbox 1096 4075 1150 4129; x_wconf 88' lang='lat' dir='ltr'><em>cod.</em></span> <span class='ocrx_word' id='word_1_412' title='bbox 1170 4075 1193 4127; x_wconf 74' lang='lat' dir='ltr'><em>(l</em></span> <span class='ocrx_word' id='word_1_413' title='bbox 1202 4077 1218 4130; x_wconf 82' lang='lat'><strong>2</strong></span> <span class='ocrx_word' id='word_1_414' title='bbox 1237 4091 1302 4128; x_wconf 92' lang='lat' dir='ltr'><em>non-</em></span> <span class='ocrx_word' id='word_1_415' title='bbox 1400 4125 1404 4138; x_wconf 86' lang='grc'>,</span> 
     </span>
    </p>
   </div>
   <div class='ocr_carea' id='block_1_5' title="bbox 152 4145 1304 4426">
    <p class='ocr_par' dir='ltr' id='par_1_5' title="bbox 188 4145 1304 4286">
     <span class='ocr_line' id='line_1_44' title="bbox 189 4145 1303 4212; baseline 0.001 -15"><span class='ocrx_word' id='word_1_416' title='bbox 189 4145 266 4197; x_wconf 87' lang='lat' dir='ltr'><em>nulla</em></span> <span class='ocrx_word' id='word_1_417' title='bbox 284 4147 378 4198; x_wconf 78' lang='lat' dir='ltr'><em>nsmda</em></span> <span class='ocrx_word' id='word_1_418' title='bbox 395 4148 564 4212; x_wconf 81' lang='lat' dir='ltr'><em>irrepserint,</em></span> <span class='ocrx_word' id='word_1_419' title='bbox 590 4147 643 4199; x_wconf 89' lang='lat' dir='ltr'><em>dno</em></span> <span class='ocrx_word' id='word_1_420' title='bbox 667 4161 758 4199; x_wconf 75' lang='lat' dir='ltr'><em>cortem</em></span> <span class='ocrx_word' id='word_1_421' title='bbox 782 4147 936 4200; x_wconf 70' lang='lat' dir='ltr'><em>exciderint.</em></span> <span class='ocrx_word' id='word_1_422' title='bbox 1026 4147 1054 4212; x_wconf 82' lang='grc'><em>6)</em></span> <span class='ocrx_word' id='word_1_423' title='bbox 1075 4147 1159 4210; x_wconf 85' lang='lat' dir='ltr'><em>Velut,</em></span> <span class='ocrx_word' id='word_1_424' title='bbox 1183 4162 1243 4198; x_wconf 87' lang='lat' dir='ltr'><em>eum</em></span> <span class='ocrx_word' id='word_1_425' title='bbox 1267 4149 1303 4198; x_wconf 83' lang='lat' dir='ltr'><em>ad</em></span> 
     </span>
     <span class='ocr_line' id='line_1_45' title="bbox 188 4217 1304 4286; baseline 0.001 -17"><span class='ocrx_word' id='word_1_426' title='bbox 188 4218 322 4269; x_wconf 88' lang='lat' dir='ltr'><em>nonnulla</em></span> <span class='ocrx_word' id='word_1_427' title='bbox 345 4222 447 4269; x_wconf 88' lang='lat' dir='ltr'><em>statuta</em></span> <span class='ocrx_word' id='word_1_428' title='bbox 467 4218 624 4284; x_wconf 79' lang='lat' dir='ltr'><em>pontificum</em></span> <span class='ocrx_word' id='word_1_429' title='bbox 650 4233 683 4268; x_wconf 80' lang='lat' dir='ltr'><em>ea</em></span> <span class='ocrx_word' id='word_1_430' title='bbox 707 4218 791 4270; x_wconf 85' lang='lat' dir='ltr'><em>Libro</em></span> <span class='ocrx_word' id='word_1_431' title='bbox 810 4218 962 4286; x_wconf 76' lang='lat' dir='ltr'><em>pontificale·</em></span> <span class='ocrx_word' id='word_1_432' title='bbox 987 4220 1017 4268; x_wconf 87' lang='lat' dir='ltr'><em>in</em></span> <span class='ocrx_word' id='word_1_433' title='bbox 1041 4221 1196 4270; x_wconf 83' lang='lat' dir='ltr'><em>innumeros</em></span> <span class='ocrx_word' id='word_1_434' title='bbox 1221 4217 1304 4270; x_wconf 87' lang='lat' dir='ltr'><em>libros</em></span> 
     </span>
    </p>

    <p class='ocr_par' dir='ltr' id='par_1_6' title="bbox 152 4288 1303 4426">
     <span class='ocr_line' id='line_1_46' title="bbox 152 4288 1303 4357; baseline 0.001 -17"><span class='ocrx_word' id='word_1_435' title='bbox 152 4294 375 4354; x_wconf 70' lang='lat' dir='ltr'><em>setranssumpta</em></span> <span class='ocrx_word' id='word_1_436' title='bbox 398 4288 518 4342; x_wconf 85' lang='lat' dir='ltr'><em>Honorii</em></span> <span class='ocrx_word' id='word_1_437' title='bbox 543 4289 678 4341; x_wconf 77' lang='lat' dir='ltr'><em>Gnnnmm</em></span> <span class='ocrx_word' id='word_1_438' title='bbox 704 4291 810 4342; x_wconf 80' lang='lat' dir='ltr'><em>aninmo</em></span> <span class='ocrx_word' id='word_1_439' title='bbox 832 4289 1030 4355; x_wconf 72' lang='lat' dir='ltr'><em>adsorepsnim,</em></span> <span class='ocrx_word' id='word_1_440' title='bbox 1057 4305 1109 4341; x_wconf 92' lang='lat' dir='ltr'><em>non</em></span> <span class='ocrx_word' id='word_1_441' title='bbox 1135 4295 1204 4341; x_wconf 76' lang='lat' dir='ltr'><em>ceeia</em></span> <span class='ocrx_word' id='word_1_442' title='bbox 1231 4289 1303 4357; x_wconf 81' lang='lat' dir='ltr'><em>apud</em></span> 
     </span>
     <span class='ocr_line' id='line_1_47' title="bbox 189 4359 936 4426; baseline 0.005 -16"><span class='ocrx_word' id='word_1_443' title='bbox 189 4375 229 4412; x_wconf 88' lang='lat' dir='ltr'><em>me</em></span> <span class='ocrx_word' id='word_1_444' title='bbox 246 4365 346 4412; x_wconf 78' lang='lat' dir='ltr'><em>wnstat</em></span> <span class='ocrx_word' id='word_1_445' title='bbox 364 4360 427 4414; x_wconf 81' lang='lat' dir='ltr'><em>boec</em></span> <span class='ocrx_word' id='word_1_446' title='bbox 443 4363 534 4412; x_wconf 89' lang='lat' dir='ltr'><em>omnia</em></span> <span class='ocrx_word' id='word_1_447' title='bbox 551 4375 585 4412; x_wconf 83' lang='lat' dir='ltr'><em>en</em></span> <span class='ocrx_word' id='word_1_448' title='bbox 602 4359 648 4412; x_wconf 77' lang='lat' dir='ltr'><em>icoc</em></span> <span class='ocrx_word' id='word_1_449' title='bbox 666 4360 736 4413; x_wconf 89' lang='lat' dir='ltr'><em>libro</em></span> <span class='ocrx_word' id='word_1_450' title='bbox 754 4367 859 4426; x_wconf 84' lang='lat' dir='ltr'><em>sumpta</em></span> <span class='ocrx_word' id='word_1_451' title='bbox 877 4375 936 4414; x_wconf 87' lang='lat' dir='ltr'><em>esse.</em></span> 
     </span>
    </p>
   </div>
   <div class='ocr_carea' id='block_1_6' title="bbox 0 0 1640 4852">
    <p class='ocr_par' dir='ltr' id='par_1_7' title="bbox 0 0 1640 4852">
     <span class='ocr_line' id='line_1_48' title="bbox 0 0 1640 4852; baseline 0 0"><span class='ocrx_word' id='word_1_452' title='bbox 0 0 1640 4852; x_wconf 95' lang='lat' dir='ltr'><em> </em></span> 
     </span>
    </p>
   </div>
  </div>
 </body>
</html>
