3222 4850
343 391 512 451 esemel
523 393 552 456 s,
561 391 676 450 rerer
687 393 947 452 remunerem
959 368 1050 452 uon.
1068 396 1104 453 l.
1115 399 1193 455 1212.
1281 400 1334 455 211

214 582 330 639 exilem
352 582 513 641 fortunam
536 584 642 642 omnia
664 584 812 659 principis
842 584 901 642 sibi
931 584 1070 660 patefieri
1097 587 1235 656 castella,
1259 561 1502 677 cumclffl·m

216 671 285 746 ipsa
308 671 437 730 robusta
460 689 558 730 manu
580 673 727 742 militum,
751 673 805 749 qui
827 673 951 730 adduc
974 673 1060 731 milia
1083 677 1122 733 et
1144 677 1332 752 quingentos

216 761 362 817 recensiti
384 761 624 830 estimabantur,
647 762 689 819 ad
707 761 862 819 anteriora
885 762 1021 820 civium
1044 780 1105 838 que
1120 764 1332 823 Albus-lacus

217 849 332 906 dicitur
354 853 457 908 castra
481 851 593 908 metati
608 854 693 909 sunt.
728 850 854 908 Interea
876 851 1061 926 nupciarum
1084 851 1244 928 impendia
1259 871 1448 922 cumaeae).

175 937 358 1012 oglericsis
392 938 537 1014 expensis
566 937 708 997 Ottoni
744 940 778 996 in
807 937 988 996 Northusen
1021 945 1237 1015 procurantur,
1272 960 1332 1019 que

216 1043 326 1084 sereno
341 1027 469 1102 quidem
492 1031 525 1086 et
539 1027 603 1086 leto
622 1027 773 1104 principio
795 1028 1011 1098 inchoata,
1034 1029 1118 1088 tristi
1139 1029 1202 1088 flne
1225 1031 1332 1089 tabue-

216 1119 300 1174 runt.
346 1115 441 1172 Nam
471 1116 693 1174 celebratis
716 1117 879 1192 nupciis
896 1159 1034 1176 ......
1040 1115 1056 1148 ⁸
1083 1118 1212 1176 eadem
1236 1119 1331 1194 impe-

216 1204 342 1273 ratrix,
366 1205 531 1264 scilicet
553 1205 635 1281 regis
657 1205 793 1280 Philippi
814 1203 889 1275 fllia,
912 1222 1009 1280 parvo
1032 1210 1104 1281 post
1126 1209 1266 1282 tempore
1289 1208 1331 1266 ad

215 1292 337 1350 malum
366 1291 493 1351 Ottonis
523 1293 608 1352 diem
638 1295 751 1352 clausit
774 1297 959 1352 extremum.
1006 1292 1167 1371 Siquidem
1189 1297 1330 1371 lugubris
1340 1315 1455 1364 (narr).

176 1395 251 1438 rcac
282 1386 403 1440 mestus
427 1381 504 1441 Otto
533 1383 751 1440 lamentabiles
781 1399 896 1458 sponse
926 1399 982 1440 sue
1005 1387 1096 1458 parat
1117 1385 1275 1460 exequias,
1299 1389 1331 1444 et

214 1471 297 1529 sicut
326 1474 402 1529 ante
430 1471 591 1530 modicum
612 1472 741 1547 quidem
767 1471 926 1547 gaudebat
949 1474 982 1529 et
1003 1473 1094 1547 quasi
1115 1473 1331 1548 triumphabat

214 1559 411 1635 nupcialibus
441 1565 475 1618 et
502 1560 573 1618 letis
603 1559 791 1635 crepundiis,
821 1560 866 1618 ita
899 1561 1102 1636 postmodum
1136 1562 1330 1637 gravioribus

215 1649 393 1724 desperavit
415 1665 460 1708 ac
482 1649 652 1707 acrioribus
676 1635 878 1707 tabescebatb
905 1647 1047 1708 lacibus⁰
1075 1649 1204 1708 funeris.
1250 1651 1329 1709 Inde

213 1753 384 1796 reversus
407 1738 449 1796 ad
472 1738 728 1796 obsidionem
750 1738 873 1795 invenit
898 1737 1003 1814 pigros
1025 1738 1067 1796 ad
1089 1755 1245 1815 pugnam
1270 1739 1329 1798 tor·

178 1830 292 1884 rotuna
306 1843 470 1902 prosperos
487 1827 621 1884 mentita
644 1843 808 1885 successus
831 1827 968 1884 mutata
991 1831 1053 1885 est
1075 1828 1108 1884 in
1126 1829 1327 1898 contrarium,

212 1915 257 1972 ita
280 1917 365 1990 quod
387 1933 546 1992 nusquam
569 1915 629 1973 sibi
651 1915 740 1984 fides,
764 1931 921 1991 nusquam
951 1915 1015 1973 flda
1038 1916 1162 1974 auxilia.
1208 1917 1328 1976 Tamen

212 2003 372 2062 mediante
406 2004 586 2063 marchione
620 2003 780 2062 Misnense
813 2004 906 2079 pauci
939 2004 1070 2062 adverse
1103 2005 1216 2080 partis,
1251 2005 1329 2064 dum

213 2092 408 2150 multitudini
430 2093 597 2168 nequirent
618 2092 777 2161 rebellare,
802 2093 834 2150 in
850 2109 963 2150 manus
986 2094 1087 2169 regias
1111 2111 1147 2151 eo
1169 2098 1262 2169 pacto
1277 2095 1328 2153 de·

213 2180 328 2238 derunt
342 2182 514 2252 civitatem,
538 2182 623 2258 quod
643 2181 685 2239 ad
700 2184 857 2239 statutum
873 2182 1044 2240 terminum
1064 2183 1217 2240 interioris
1233 2185 1328 2242 castri

169 2269 317 2327 aodimta
346 2271 532 2329 resarcirent
561 2274 594 2328 et
623 2288 657 2328 se
691 2270 725 2328 in
757 2271 803 2328 eis
836 2270 1018 2346 reciperent,
1053 2271 1152 2330 donec
1185 2273 1327 2330 volunta-

211 2362 277 2416 tem
302 2347 484 2435 'principis‘¹
517 2359 741 2435 experirentur,
772 2359 799 2415 ei
821 2359 917 2418 vellet
947 2359 980 2416 in
1003 2359 1199 2418 dedicionem
1227 2361 1272 2419 ire
1295 2365 1421 2427 sturio.

211 2463 284 2505 cum
314 2465 405 2524 rege
435 2464 630 2524 componere.
676 2448 805 2523 Recepti
831 2464 904 2506 vero
933 2447 1016 2506 inira
1045 2449 1257 2507 municionem
1285 2450 1327 2507 ad

211 2537 423 2595 resistendum
461 2536 716 2613 obpugnantibus
750 2551 787 2596 se
821 2529 999 2616 parabant.
1051 2535 1325 2613 Lantgravius

210 2628 328 2694 autem,
352 2625 461 2684 audito
483 2629 576 2700 pacto
599 2629 637 2683 et
659 2625 850 2694 condicione,
874 2625 958 2701 quod
973 2625 1077 2701 potuit
1099 2643 1155 2701 pro
1176 2627 1326 2702 temporis

168 2725 202 2767 aa
210 2713 342 2772 articulo
371 2715 503 2789 largitus
534 2717 583 2772 est
612 2714 831 2784 militantibus,
861 2713 977 2772 bonam
1011 2715 1056 2772 eis
1086 2714 1326 2774 retribucionem

211 2819 280 2877 pro
309 2803 467 2861 laboribus
497 2802 656 2862 iacturum
685 2803 845 2877 pollicens.
891 2801 974 2874 Quo
1003 2803 1112 2861 audito
1135 2801 1211 2862 Otto
1233 2803 1325 2863 intre·

209 2891 301 2961 muit,
324 2907 400 2950 voce
429 2889 594 2968 preconia⁶
622 2891 759 2950 militum
788 2890 910 2966 copiam
939 2892 1051 2950 adesse
1073 2893 1272 2968 premonuit
1293 2897 1326 2951 et

209 2979 385 3039 instaurato
429 2981 482 3038 illo
524 2981 802 3039 instrumento
841 2975 1078 3055 dyabolico1
1115 2982 1325 3040 inestimande

209 3069 437 3144 magnitudinis
472 3087 548 3128 saxa
581 3069 696 3128 conicit
725 3072 757 3128 et
785 3069 877 3128 illud
910 3073 1089 3128 castrum
1119 3059 1321 3129 subverterc‘

166 3169 285 3215 arcura
314 3159 439 3234 satagit.
484 3159 649 3217 Interea
671 3157 792 3216 Bawari
822 3162 854 3216 et
877 3157 980 3229 Suevi,
1010 3159 1175 3217 audientes
1206 3159 1324 3218 heredi·

208 3247 322 3305 tarium
345 3264 437 3304 suam
460 3245 622 3305 dominam
644 3247 873 3322 imperatricem
896 3247 960 3306 iam
983 3248 1125 3306 debitum
1148 3249 1250 3306 carnis
1265 3249 1323 3306 sol·

208 3335 302 3404 vissa
332 3334 458 3393 furtivis
488 3335 646 3411 elapsibus
676 3339 775 3394 nome
804 3336 943 3394 sarcinae
979 3353 1054 3393 suas
1081 3336 1261 3394 deserentes
1292 3340 1324 3394 et

209 3421 360 3482 Ottonem
393 3425 427 3482 in
460 3424 643 3489 contusione
681 3423 893 3500 relinquentes
931 3424 1149 3500 repatriarent.
1202 3425 1324 3500 Reliqui

209 3513 308 3570 eciam
337 3513 443 3588 iuopia
472 3514 581 3582 coacti,
612 3529 685 3572 cum
715 3512 763 3571 ab
792 3511 922 3570 Ottoue
951 3512 996 3570 nil
1026 3513 1223 3588 reciperent,
1253 3530 1324 3571 con·

166 3601 344 3677 assumptis
377 3602 519 3660 vesfibus
554 3606 587 3660 et
619 3602 725 3671 armis,
756 3601 877 3677 pedites
909 3604 1119 3671 recesserunt;
1155 3603 1249 3677 atque
1278 3602 1324 3659 ita

207 3691 364 3748 minorato
393 3691 531 3749 exercitu
560 3691 593 3748 in
622 3689 784 3749 obsidione
812 3706 973 3748 remanere
1002 3689 1193 3747 formidabat
1214 3693 1254 3748 et
1276 3707 1323 3748 ca·

4 3796 100 4271 s
207 3781 310 3836 suum
332 3778 411 3836 illud
433 3779 600 3838 deserens
622 3771 815 3858 Erphordie
845 3793 880 3838 se
902 3773 1063 3858 recepit’.
1109 3777 1167 3836 His
1190 3779 1235 3837 ita
1257 3797 1450 3854 perer-ea.)

207 3964 230 4014 a)
248 3962 344 4012 meam
358 3963 422 4003 nutas
435 3963 493 4003 cocto
506 3973 597 4002 comm
610 3963 707 4003 rotam
733 3965 828 4011 sertam
844 3963 928 4002 amini
941 3963 982 4002 loct
995 3963 1106 4004 lucrando
1119 3964 1139 4006 1.
1205 3963 1228 4012 b)
1248 3967 1323 4004 conu-

208 4015 313 4057 enae-2
326 4016 353 4059 a.
405 4015 426 4069 ο)
439 4017 470 4056 aa
483 4017 517 4066 s,-
530 4016 628 4057 meum
641 4017 661 4060 1.
701 3993 726 4066 l>
739 4017 758 4056 r.
772 4017 830 4066 aar,
845 4017 917 4056 mm
931 4027 998 4055 manu
1010 4027 1117 4066 ‚epm
1130 4016 1284 4066 lantgrave
1302 4020 1322 4068 ι,

163 4069 402 4118 mummuli.
456 4069 632 4121 s)stoB,·1'tl.
685 4069 1243 4121 oab-ooltcrtemtoeloeccaeltsupptudm.

208 4230 235 4296 1)
258 4227 408 4283 rrumuo
425 4245 511 4298 supra
525 4245 555 4297 p.
567 4230 629 4297 210,
649 4229 666 4284 l.
679 4231 722 4285 ao.
741 4230 818 4284 dcto,
862 4229 891 4296 2)
907 4227 1062 4298 Erphordie
1080 4245 1109 4283 sc
1126 4228 1238 4298 recepit,
1256 4245 1324 4298 qaae

206 4300 237 4352 ia
262 4299 341 4356 Orco.
360 4299 554 4355 Beinbordsbr.
577 4318 607 4370 p.
626 4301 687 4366 580,
713 4301 730 4354 l.
749 4302 792 4356 42.
817 4299 918 4368 ᾱιειιηί,
944 4318 978 4354 αι·
998 4303 1070 4356 Anu.
1092 4299 1324 4368 titubordmsibus

204 4369 327 4426 &ovibu
344 4372 447 4427 maeno
464 4371 595 4428 milmtor.
633 4371 676 4436 Of.
695 4371 796 4439 ’Παρὰ
814 4371 1017 4440 Setdppenclrss
1031 4391 1060 4441 p.
1074 4374 1134 4428 137.

1058 4477 1110 4534 14*
