3186 4844
333 309 385 363 132
474 304 638 362 GRONIGA
657 306 684 362 S.
697 303 812 361 PETRI
830 303 1091 361 ERFORDENSIS
1108 304 1305 364 MODERNA.

331 509 409 554 nam
430 489 477 553 aet
494 495 604 570 partes
626 488 694 553 eins
715 487 882 568 continent,
906 489 951 552 ad
964 487 1097 553 codicem
1114 509 1212 570 usqne
1234 490 1278 554 ad
1299 495 1442 556 atses.

331 576 547 642 continuatum
576 578 717 658 redeam,
748 597 853 641 ornnes
885 583 1040 656 auctores,
1073 576 1128 657 qui
1157 577 1240 642 hanc
1273 578 1444 644 Granicum

331 665 570 746 suscripserunt,
595 665 750 730 codicibus
773 685 810 730 ea
832 665 887 729 itto
908 685 1005 746 nsque
1027 666 1071 730 ad
1093 687 1122 730 a.
1143 671 1236 730 1335.
1262 667 1444 733 continuato

325 753 480 834 prosectis
493 753 545 818 usi
560 761 633 818 sunt
642 754 662 834 ¹,
687 760 825 818 attamen
835 753 962 834 psincus
977 753 1035 818 Fr.
1052 753 1095 817 X.
1112 753 1234 836 chebc
1249 755 1443 822 chronistam

331 841 726 906 Reinhardsbrunnensam
738 843 902 924 quaedam,
922 862 1002 923 quae
1016 841 1053 906 in
1067 843 1186 908 nostris
1195 843 1353 909 codicibus
1368 845 1442 910 Oro
1460 868 1476 907 s

329 929 422 995 nicae
442 931 610 995 modernae
632 951 696 994 non
718 932 871 1013 tequntur,
895 951 934 994 en
954 930 1119 996 uetustiore
1141 938 1170 996 et
1190 932 1317 997 metiore
1339 933 1443 999 codice

329 1018 466 1084 eiusdem
495 1019 663 1100 sumqusisse
691 1019 822 1084 coniecit
830 1021 850 1100 ²,
881 1019 1025 1101 qnamais
1053 1019 1104 1084 hic
1133 1020 1267 1085 codicem
1295 1021 1444 1086 habuerit

329 1129 398 1172 cum
420 1114 527 1172 nostro
552 1116 567 1170 1
599 1128 663 1172 uon
687 1109 776 1172 mode
801 1108 965 1189 usquead
986 1113 1128 1188 a.1335,
1152 1110 1207 1173 sed
1228 1109 1323 1174 etiam
1345 1132 1442 1192 usqne

328 1197 373 1260 ad
404 1197 447 1261 ἀ.
480 1202 572 1260 1338.
609 1195 849 1277 conuenientem,
890 1195 976 1262 oon.
1009 1197 1038 1261 Ι.
1074 1196 1191 1262 sedicet
1222 1198 1543 1265 concinnentium.

334 1283 394 1350 Oui
423 1283 630 1348 nihilominus
659 1284 782 1350 assensi
808 1283 841 1350 Ο.
871 1284 1089 1366 Grdnhaqen³
1118 1293 1146 1350 et
1173 1285 1207 1350 0.
1230 1287 1347 1352 Posse⁴
1373 1287 1441 1354 iam
1451 1313 1478 1352 ιο

327 1373 433 1437 maius
461 1374 618 1455 quoddam
647 1372 815 1437 chronicon
838 1373 964 1438 Montis
987 1374 1020 1438 S.
1038 1373 1136 1454 Petri,
1159 1375 1242 1455 qnod
1263 1397 1327 1439 non
1350 1378 1441 1441 modo

327 1461 498 1526 monachus
521 1461 906 1542 Reinhardsbrunnensis,
936 1463 992 1526 sed
1019 1462 1113 1527 etiam
1143 1463 1211 1544 atii,
1235 1471 1270 1528 ut
1294 1464 1441 1545 Sisridus

328 1551 365 1614 de
396 1548 583 1614 Batnhusin
620 1556 649 1614 et
685 1549 876 1631 Varitoqnus
909 1557 938 1614 ct
970 1557 1079 1615 auctor
1112 1551 1278 1616 Historiae
1311 1554 1437 1635 bandqr.

326 1639 474 1718 Eccard.‚
505 1637 750 1719 ascripsissent,
781 1638 919 1703 extitisse
948 1641 1179 1720 contenderunt,
1210 1641 1354 1723 quamvis
1387 1641 1440 1707 hic

327 1726 527 1808 archetypum
550 1726 667 1791 codicis
689 1726 791 1791 nostri
813 1727 848 1792 E
855 1729 875 1809 ⁵,
905 1727 959 1791 itte
985 1727 1180 1792 simillimum-
1203 1730 1267 1794 cad.
1292 1731 1394 1794 nostri
1421 1738 1478 1796 115

327 1835 396 1879 cum
416 1813 501 1880 Oont.
520 1815 549 1879 I.
568 1815 642 1878 III.
668 1811 819 1897 (-1355)
842 1815 1019 1896 habuerint,
1044 1823 1072 1880 et
1095 1816 1242 1897 Sifridns
1270 1818 1440 1884 &unicam

325 1904 508 1968 modernam
531 1925 595 1968 nan
617 1904 726 1986 heqisse
749 1903 902 1968 medeatur.

438 1992 479 2058 Ut
500 1991 551 2056 his
574 1992 668 2057 etiam
690 1993 729 2056 L.
750 1992 902 2058 chand
923 1994 949 2056 b.
967 2015 1006 2056 m.
1032 1994 1239 2059 assentiretur
1247 1996 1267 2075 ⁶,
1293 2017 1326 2060 eo
1344 2017 1438 2076 prae

324 2080 432 2145 sertim
453 2079 601 2145 inductus
623 2087 675 2161 cst,
704 2083 787 2162 qnod
808 2081 845 2145 in
866 2081 951 2146 Cant.
974 2082 1173 2164 Thurinqica
1197 2082 1436 2168 (Ersardensi),

324 2189 419 2250 quam
441 2168 548 2248 edidit,
572 2189 684 2234 reuera
702 2169 896 2234 continuatio
919 2191 1050 2251 cuisque
1071 2171 1180 2252 iqnata
1202 2172 1359 2253 suscripta
1382 2181 1477 2254 estse

324 2257 461 2322 secunda
493 2257 635 2323 mdeticet
668 2281 697 2322 a.
729 2264 961 2340 1336-1353,
996 2281 1055 2340 qua
1089 2259 1311 2325 animaduersa
1339 2262 1438 2341 facnhe

323 2346 506 2410 cunmooeri
531 2346 706 2426 potentat
733 2347 853 2426 faisam
884 2347 1011 2412 ittarum
1041 2347 1218 2428 opinionem
1248 2357 1435 2430 sequeretur,

323 2441 413 2498 ratus
443 2433 539 2499 etiam
568 2442 641 2499 ante
670 2457 700 2499 a.
728 2441 820 2499 1335.
851 2435 957 2500 mains
985 2443 1092 2500 nostra
1121 2437 1262 2502 chronici
1291 2439 1322 2503 S.
1345 2439 1437 2504 Petri

323 2525 481 2604 exemplar
515 2545 535 2588 a
575 2524 660 2588 Cant.
698 2523 896 2606 Thurinqica
930 2525 1039 2589 tectum
1073 2545 1145 2589 esse.
1199 2527 1302 2607 Atque
1340 2527 1436 2592 etiam

328 2610 361 2677 C.
378 2611 495 2677 Wench
506 2611 656 2682 ,amnium
679 2613 717 2676 de
736 2612 796 2676 hac
815 2634 850 2677 re
865 2613 1086 2677 disserentium
1109 2634 1291 2678 carcsensum
1314 2623 1473 2682 secutusss

323 2701 477 2780 quaedam
505 2721 543 2764 eu
572 2700 717 2764 chronico
741 2702 772 2766 S.
791 2701 881 2765 Petri
902 2701 1023 2766 maiore
1045 2709 1168 2783 sumpta
1190 2723 1254 2772 esse
1284 2704 1433 2784 cucsuit⁷‚

323 2809 403 2869 quae
425 2788 462 2853 in
477 2788 633 2853 codicibus
654 2788 807 2854 Oronicae
828 2791 996 2855 modernae
1018 2811 1083 2854 nan
1105 2791 1318 2856 ircccniuntnr.
1356 2793 1436 2857 Tum

327 2877 384 2940 Th.
410 2878 434 2940 I
436 2878 506 2959 tqen
536 2883 564 2940 et
586 2876 626 2940 R.
648 2878 762 2960 Voqct⁸
788 2898 932 2942 errorum
953 2880 1028 2943 moti
1053 2881 1162 2944 ntalem
1184 2880 1435 2946 coniecturarum

323 2965 481 3044 falsarum
511 2972 794 3046 superstruxerunt.
843 2967 935 3032 Salus
963 2967 1083 3032 Ericus
1107 2967 1249 3033 Schmidt
1275 2974 1355 3034 recte
1384 2992 1434 3035 ne-

321 3053 430 3135 qaoit⁹
452 3053 621 3119 chronicon
643 3055 769 3119 Montis
791 3056 824 3120 S.
842 3055 933 3120 Petri
954 3055 1059 3120 maius
1082 3063 1187 3121 nostro
1210 3057 1356 3138 astitisse,
1380 3060 1473 3124 sedeo

323 3142 390 3223 ipsa
412 3141 533 3206 errauit
553 3141 591 3206 in
610 3164 652 3224 ea,
676 3145 760 3224 quod
776 3143 933 3224 copiosam
949 3144 1214 3210 continuationem
1229 3146 1281 3210 H.
1302 3169 1331 3211 a.
1349 3145 1451 3211 1336'

323 3236 462 3296 -1353.
479 3230 517 3295 in
528 3231 634 3296 multis
649 3231 741 3296 tibris
753 3231 941 3313 suscriptam
953 3255 1017 3298 csse
1032 3255 1096 3298 non-
1106 3234 1311 3315 perspectent,
1327 3257 1433 3316 quam-

323 3319 372 3384 uis
394 3320 512 3386 codices
529 3320 565 3384 E
584 3326 613 3385 et
634 3320 684 3402 M,
708 3320 745 3384 in
767 3321 880 3402 quibus
901 3343 1037 3402 maqnae
1059 3321 1127 3387 eius
1144 3329 1254 3403 partes
1276 3324 1433 3390 continen-

323 3416 384 3490 tur,
418 3409 571 3490 habuerit,
606 3409 753 3490 opinatus
781 3431 835 3474 cas
869 3431 907 3474 erc
936 3410 1081 3475 chronico
1109 3412 1243 3491 quodam
1273 3415 1434 3476 cannetum

324 3564 350 3632 1)
370 3565 411 3628 Cf.
433 3566 475 3619 (Ν.
496 3566 607 3618 Archta'
626 3565 706 3632 XXI,
733 3583 760 3633 p.
779 3567 840 3620 479,
924 3567 953 3634 2)
970 3568 1042 3620 Anu.
1061 3567 1255 3621 Reinhardobr.
1277 3585 1307 3635 p,
1329 3577 1470 3623 muns

321 3638 349 3701 3)
366 3637 541 3700 ‘Zettochnf¹
565 3637 696 3703 Thurinq.
718 3637 817 3688 Gcsch!
837 3637 891 3704 III,
915 3656 943 3704 p.
963 3639 1080 3692 87-98.
1171 3641 1199 3704 4)
1219 3639 1432 3704 ‘Forschuuqen'

321 3706 405 3771 XIII,
423 3725 450 3774 p.
464 3711 625 3762 335-350.
706 3711 733 3774 ὁ)
753 3708 806 3771 Qui
818 3715 929 3774 praetor
945 3708 1015 3760 hume
1032 3715 1055 3760 et
1075 3709 1154 3764 Creu.
1174 3711 1378 3775 Reinhardsbr.,
1398 3727 1433 3763 ca·

321 3777 416 3844 quibus
441 3779 524 3829 matta
543 3779 622 3832 Gran.
641 3780 780 3831 medanae
804 3782 953 3846 enemim,
978 3782 1057 3831 ettam
1079 3782 1195 3833 eiusdm
1218 3783 1327 3833 mititem
1349 3799 1432 3848 usquc

321 3849 357 3898 ad
380 3864 404 3902 a.
424 3851 501 3903 1208.
520 3851 712 3914 pertinqentem
737 3851 859 3902 habuisse
883 3852 995 3913 uidetur,
1019 3851 1064 3902 sed
1088 3867 1152 3904 sanc
1176 3854 1253 3904 attam
1279 3858 1339 3904 ante
1361 3853 1432 3905 hunc

320 3935 421 3970 annum
439 3920 512 3970 mun
525 3919 641 3984 praebet,
659 3921 728 3987 quad
745 3921 867 3973 chronica
880 3922 980 3974 Maeotis
991 3921 1019 3976 S.
1032 3922 1107 3974 Petri
1124 3925 1224 3975 matari
1240 3925 1299 3975 inre
1317 3925 1468 3975 attribuito

317 3992 410 4055 possit.
483 3991 510 4060 6)
531 3991 573 4043 ⁸1).
588 3991 659 4043 Chr!
673 3992 711 4055 II,
728 4009 756 4058 p.
769 3995 829 4047 290.
912 3993 938 4062 7)
958 3993 1054 4045 ‘Ernst
1073 3993 1097 4048 d.
1117 3994 1309 4048 Retnhardebr.
1330 3995 1431 4050 Gessh!

317 4079 345 4128 p.
358 4065 416 4124 104,
431 4077 456 4114 n.
468 4065 491 4115 3.
513 4063 572 4125 106,
590 4065 662 4128 n.2;
684 4064 727 4117 ‘N.
740 4063 904 4126 Archiu'X,
921 4081 950 4130 p.
966 4067 1025 4130 131,
1044 4065 1195 4116 sedibidem
1209 4083 1238 4132 p.
1254 4069 1303 4119 1⁶22
1316 4081 1353 4132 sq.
1370 4064 1431 4118 benc

320 4138 411 4182 caedra
435 4133 496 4184 ttlos
520 4139 722 4198 arqumentatus
746 4142 791 4200 est,
818 4136 865 4202 qut
888 4137 973 4187 nimia
993 4136 1072 4189 Cran.
1091 4137 1229 4188 nmdumae
1247 4136 1429 4190 abtmutcmcnt.

319 4205 348 4268 8)
366 4204 465 4256 ‘Gesch
492 4205 517 4256 d.
543 4203 707 4258 metm-hess.
727 4205 973 4272 E'rbfahqehrieqes'
988 4224 1016 4272 p.
1034 4209 1051 4262 8
1070 4223 1125 4273 sqq.
1150 4209 1309 4274 (separatim
1333 4208 1370 4261 ad.
1397 4225 1430 4261 ec

320 4273 455 4326 ‘Zeitschm
474 4276 494 4338 f.
513 4274 588 4328 Hcss.
609 4275 697 4329 Gesah.
717 4275 750 4330 N.
766 4277 806 4332 F!
818 4277 867 4338 X).
941 4279 966 4345 9)
984 4279 1015 4331 L.
1029 4277 1045 4331 t.
1061 4296 1089 4345 p.
1105 4280 1257 4333 los-177.
1439 4289 1466 4328 «ὅ
