3186 4844
169 4528 264 4554 ᾖ

295 405 346 458 138
436 401 602 458 ΟΒΟΝΙΟΑ
620 403 648 459 S.
661 401 778 458 PETRI
796 403 1056 460 ERFORDENSIS
1074 401 1269 460 MODERNA.

408 584 449 667 V)
482 584 673 665 Varitoquus
702 585 927 666 antiquitatum
956 585 1207 666 Erphurdicuus
1240 584 1342 650 editu
1370 585 1408 651 iu

293 671 478 738 Menckeuii
502 673 560 738 88.
584 693 691 738 retum
717 673 870 740 Gauiau.
901 681 921 738 t.
944 674 995 755 II,
1026 675 1082 740 cot.
1106 678 1297 740 461-560.
1345 674 1410 739 Sed

293 761 370 826 haec
385 759 479 826 editio
502 767 544 826 tot
565 762 688 827 suadis
710 761 893 844 lacunisque
907 769 1011 844 scatet,
1035 769 1070 827 ut
1092 785 1161 828 eaou
1175 762 1279 828 codice
1302 761 1407 828 biblio

294 849 399 915 thecae
420 849 638 915 uniuersitatis
661 851 687 914 I
689 851 854 916 eueusis
878 851 991 933 Soqitt.
1015 852 1052 916 iu·
1071 851 1113 916 4⁰
1136 873 1186 917 ur.
1204 857 1233 916 5.
1252 857 1281 928 6,
1306 852 1407 916 chart.

293 960 373 1004 saec.
393 938 494 1004 XVI.
510 938 567 1020 iu,
592 939 702 1004 collato
724 940 962 1020 euuidaoeiim,
994 961 1063 1006 cum
1092 941 1149 1006 hoc
1178 961 1267 1022 opere
1289 939 1337 1004 uti
1358 941 1432 1007 deo

294 1028 404 1092 berou
457 1027 567 1092 Huius
600 1027 685 1092 euim
718 1035 828 1093 auctor
865 1029 960 1094 etium
994 1029 1159 1111 exscripsit
1191 1028 1307 1096 tioium
1339 1026 1409 1094 illis

296 1122 325 1180 1.
350 1110 430 1180 Μ
463 1116 658 1198 proximum,
689 1117 836 1182 Auuoles
865 1117 1043 1199 Lamperti,
1076 1119 1110 1184 8.
1138 1117 1227 1184 Petri
1259 1116 1406 1198 maiores,

299 1204 468 1270 &auitam
489 1207 673 1270 modernam
696 1227 765 1271 cum
793 1205 1090 1272 Gauiuoauomus
1108 1207 1139 1271 I.
1164 1213 1193 1272 et
1215 1207 1289 1270 III.
1312 1205 1407 1272 couti·

293 1294 445 1358 ueutem2.
500 1293 541 1360 Ut
562 1293 629 1359 ioue
653 1292 762 1359 titulus
784 1293 915 1376 iudicat,
939 1293 990 1360 taio
1013 1316 1051 1360 eu
1078 1295 1172 1360 Grou.
1196 1295 1347 1360 uwderua
1370 1316 1409 1360 ea

293 1381 430 1447 mame
452 1380 626 1463 exscripsit,
649 1404 730 1464 quae
752 1403 804 1447 res
819 1383 1034 1463 Eufordeuses
1049 1383 1191 1464 attiueut,
1216 1383 1445 1464 reliquorumu

287 1492 450 1552 perpauco
473 1470 595 1552 recepit.
635 1471 686 1536 De
708 1473 800 1536 rebus
822 1493 894 1536 uero
917 1472 1170 1553 Eusordeusibus
1186 1478 1316 1554 praeter
1336 1471 1409 1537 Oro

294 1559 401 1625 uiuam
417 1561 449 1624 S.
465 1559 554 1624 Petri
571 1561 671 1624 mitta
685 1559 852 1641 eusuipsit
872 1582 911 1625 ea
931 1561 1068 1626 Crouica
1083 1559 1278 1640 Eufordeusi
1293 1559 1409 1626 codicis

294 1648 388 1728 iufra
407 1670 439 1729 p.
460 1653 531 1712 144.
557 1647 634 1714 dieti
656 1650 742 1731 Euq.
766 1649 792 1713 I
796 1651 817 1729 ²,
848 1649 938 1714 cuius
960 1651 1042 1715 tocos
1064 1670 1170 1714 osuuu
1192 1651 1300 1714 umas
1322 1669 1409 1730 opor·

295 1738 364 1818 tet³,
396 1736 425 1802 si
455 1757 635 1819 coquoscerc
664 1737 722 1818 uis,
753 1738 831 1820 quid
858 1737 896 1802 iu
919 1738 1090 1819 Vooiloquo
1116 1759 1155 1804 eu
1182 1737 1320 1804 Orouioo
1348 1758 1409 1802 mo

294 1827 396 1890 deruu
417 1832 573 1906 sumptum
594 1826 645 1890 sit.
1419 1857 1446 1896 u

402 1912 452 1995 N)
473 1913 627 1979 Nicotaus
642 1915 680 1980 de
692 1915 806 1998 Sieqeu
820 1915 923 1996 aiano,
938 1915 1111 1981 inouactius
1125 1915 1249 1981 Montis
1261 1915 1295 1980 8.
1309 1915 1408 1995 Petri,

294 2001 350 2085 qui
378 2004 478 2066 mutto
507 2023 545 2068 ea
572 2002 711 2069 Orouico
733 2005 885 2070 moderna
907 2004 1080 2086 suscripsit,
1108 2004 1210 2070 coaice
1239 2003 1409 2070 Ooutiuua·

294 2091 394 2158 tioues
418 2092 447 2155 L
472 2099 501 2156 et
525 2092 598 2156 ΙΙΙ.
629 2092 803 2157 contiueute
828 2114 905 2158 usus
928 2095 1000 2158 esu.
1050 2094 1129 2174 ‘Qui
1151 2093 1296 2175 quamvis
1317 2114 1515 2175 saepespsu.

294 2181 389 2245 uerba
416 2179 569 2246 Orouicae
598 2180 729 2246 libutus
758 2182 933 2262 mutaverit,
957 2188 1061 2246 taoueu
1085 2181 1201 2264 paucis
1223 2181 1308 2255 tacis,
1332 2202 1410 2262 quos

294 2270 379 2334 suus
400 2275 530 2350 praeter
559 2270 623 2333 cod.
650 2277 666 2333 1
694 2271 833 2351 praebet,
864 2271 949 2334 sotus
978 2291 1085 2335 ceram
1114 2269 1273 2336 lectionem
1306 2270 1447 2335 habetis

295 2358 360 2423 Sed
381 2380 450 2423 cum
473 2357 572 2422 editor
600 2357 755 2424 Gkrouici
777 2358 978 2424 ecclesiastici
999 2361 1098 2424 multa
1125 2379 1163 2424 eu
1185 2359 1245 2424 hac
1272 2358 1411 2424 Orouicu

295 2453 325 2512 et
363 2446 439 2512 otiis
476 2446 616 2526 soutibus
653 2448 768 2512 hausta
801 2447 970 2528 omiserit5,
1009 2447 1143 2514 codicem
1180 2448 1411 2530 outoqraptcum

296 2535 426 2601 Nicotai
452 2534 488 2600 iu
511 2535 639 2600 arctico
661 2535 772 2618 moqui
794 2536 883 2600 ducis
901 2536 1159 2602 Weiouurauo
1181 2536 1262 2618 siqu.
1284 2537 1321 2600 F
1336 2542 1409 2601 166.

295 2632 451 2690 saucium
474 2623 636 2705 eoscoipsi.

401 2714 573 2794 Hucusque
610 2715 648 2778 de
684 2712 842 2778 codicibus
874 2734 946 2778 mss.
984 2715 1092 2778 eadem
1124 2715 1193 2794 fere
1226 2715 1447 2795 eopoueudau

295 2808 396 2882 eruut,
413 2822 493 2881 quae
508 2801 575 2865 iau
590 2801 756 2883 Lamperti
771 2801 917 2867 Auuctes
932 2802 1074 2867 edituius
1089 2809 1117 2868 et
1132 2824 1230 2884 supro
1239 2824 1274 2884 p.
1289 2807 1330 2866 46
1343 2823 1408 2884 sqq.

295 2889 332 2955 iu
354 2889 559 2972 praefatione
588 2889 768 2955 Auuolium
797 2891 831 2956 8.
855 2890 945 2955 Petri
974 2890 1130 2956 uiaiorum
1159 2891 1312 2972 cicerum,
1341 2913 1411 2955 oum

296 2999 402 3044 oruues
437 2978 514 3043 libri
543 2978 699 3060 hueusque
733 2979 880 3044 recensiti
915 2982 1035 3044 eosdem
1074 2981 1208 3046 oocuates
1243 2980 1290 3046 oet
1322 2981 1410 3062 fraq-

295 3073 400 3133 meuta
422 3087 528 3131 eorum
551 3067 741 3132 coutiueout.
777 3069 874 3132 Nuuc
891 3069 1015 3133 demum
1037 3089 1119 3134 uoco
1142 3070 1310 3134 tractanda
1325 3074 1409 3134 suut.

402 3155 569 3220 Maximus
585 3163 696 3238 partes
717 3155 870 3222 Orouioae
893 3157 925 3221 8.
944 3157 1034 3222 Petri
1057 3164 1085 3222 et
1105 3156 1363 3223 Ooutiuuotiouis
1379 3158 1404 3221 I
1403 3209 1408 3220 .
1421 3184 1448 3224 u

294 3267 391 3326 usque
414 3247 458 3310 ad
479 3250 620 3310 α.1337.
644 3244 818 3325 suscriptas
835 3247 966 3326 praebet
987 3245 1114 3327 ideoque
1137 3247 1247 3328 maqui
1263 3246 1411 3310 uoomeuti

295 3341 341 3399 est
362 3335 406 3399 aa
428 3340 542 3398 testum
565 3333 633 3398 eicos
656 3333 903 3398 constituendum

401 3423 446 3506 R)
468 3423 606 3488 Orouicc
622 3421 998 3487 Reiuhardsbouuueusis
1008 3423 1028 3502 ὃ,
1046 3422 1135 3488 cuius
1151 3424 1285 3489 codicem
1300 3423 1342 3487 H
1345 3445 1410 3488 au-

295 3533 541 3578 uooecouum
559 3512 753 3591 XIII.753‚
771 3511 871 3574 otiort.
887 3532 966 3576 saec.
978 3511 1013 3574 X
1022 3513 1056 3592 V,
1072 3512 1236 3577 uouuultis
1251 3511 1327 3576 locis
1339 3511 1371 3576 R
1382 3519 1410 3593 1,

297 3667 322 3734 1)
345 3668 438 3718 Etiam
460 3669 544 3720 locum
568 3670 623 3720 iam
647 3683 724 3735 saepe
746 3668 845 3718 dictum
869 3683 894 3720 a.
916 3669 991 3722 1392.
1018 3673 1041 3718 ct
1068 3667 1150 3718 locum
1175 3671 1290 3723 a.1373
1316 3667 1447 3736 (1374115

296 3740 324 3788 tu
343 3737 424 3792 ocul
444 3740 481 3789 od
498 3741 615 3794 a.1323.
635 3739 763 3792 additum.
803 3739 842 3802 Cf.
864 3739 1031 3792 ‘N.Archto'
1045 3738 1125 3802 XXI,
1142 3741 1244 3806 22444.
1316 3743 1344 3806 2)
1368 3739 1410 3803 Cf.

296 3809 341 3858 (Ν.
361 3808 472 3859 Archiv'
491 3808 578 3874 XXI,
602 3827 630 3876 p.
648 3812 700 3865 481
719 3825 774 3876 sqq.
803 3814 825 3859 et
851 3810 883 3861 de
903 3810 1015 3875 reliquis
1039 3810 1158 3872 fontibus
1182 3811 1323 3877 Varilcqu·
1347 3810 1410 3864 ibid.

292 3896 320 3945 p.
341 3879 405 3940 519,
428 3895 454 3932 u.
476 3881 500 3933 1.
526 3881 587 3933 522.
677 3881 704 3946 3)
728 3881 787 3944 Qua
811 3879 842 3931 de
865 3896 896 3931 rc
920 3880 1016 3933 comm
1038 3881 1154 3932 locorum
1173 3881 1291 3933 lectiones
1309 3897 1367 3932 cum
1386 3882 1415 3933 E

295 3949 479 4001 concordantes
497 3963 550 3999 uou
569 3950 654 4004 attuli.
738 3952 766 4014 4)
784 3951 857 4014 Quae
874 3967 933 4002 cum
952 3951 1154 4004 Gontiuuottouc
1172 3952 1210 4004 II.
1234 3955 1412 4006 contutatus

290 4020 408 4084 praece,
433 4035 466 4072 eu
488 4018 585 4072 Chrou.
610 4021 773 4087 Thuriuqi'co
797 4021 928 4073 Iohannis
952 4022 1035 4074 Bothe
1060 4023 1160 4088 hausit,
1183 4039 1251 4090 quoe
1277 4025 1314 4076 ad
1341 4025 1448 4075 huncio

291 4095 467 4156 puucueouut
481 4105 533 4155 per
550 4091 723 4159 archetypum
740 4094 835 4144 codicis
854 4093 885 4146 E.
924 4093 967 4156 Of.
985 4094 1028 4147 ’Νι
1041 4095 1154 4146 Archio’
1167 4094 1248 4158 XXI,
1264 4111 1293 4161 p.
1306 4097 1360 4150 455
1373 4111 1411 4162 oq.

295 4161 355 4213 500.
427 4162 455 4226 5)
473 4159 522 4212 Fr.
542 4159 577 4213 X.
598 4161 692 4226 Weqele
710 4165 740 4214 iu
759 4163 903 4228 ‘Thurm
925 4163 990 4228 GQ!
1009 4172 1026 4217 t.
1044 4164 1083 4219 II.
1156 4165 1184 4234 6)
1202 4165 1285 4218 Falso
1303 4166 1412 4232 chctc,

295 4229 367 4282 Anu.
387 4229 580 4284 Reiuhardsbr.
597 4249 625 4298 p.
647 4241 732 4281 XXXI.
759 4235 831 4286 discit
850 4234 990 4286 &cauam
1008 4235 1034 4288 S.
1049 4235 1124 4287 Puri
1140 4253 1158 4288 a
1176 4235 1312 4289 chronista
1331 4238 1413 4289 Retu-

294 4299 528 4352 uardsuunnuui
545 4301 642 4354 dictam
660 4320 712 4356 essa
731 4305 870 4356 Croutcam
892 4305 1065 4371 Quousque.
1109 4307 1173 4358 Vide
1190 4323 1258 4374 quac
1276 4307 1312 4360 ad
1331 4309 1411 4363 Creu.

294 4369 488 4424 Retuhardsbr.
507 4386 532 4424 a.
547 4373 624 4440 1313,
644 4373 692 4428 SS.
706 4373 799 4440 XXX,
815 4393 845 4441 p.
859 4377 919 4440 351,
937 4393 963 4430 u.
978 4393 999 4440 r,
1017 4377 1150 4433 adnotavi.
1421 4391 1449 4430 ic
