3222 4850
321 397 489 453 ΟΒΟΝῘΟΔ
501 397 530 455 S.
540 397 658 455 PETRI
669 395 933 454 morinenses
944 395 1035 454 Mon.
1053 396 1089 453 Δ.
1100 399 1177 454 1219.
1267 400 1321 454 223

94 587 190 635 ·[.ιιι’.
204 579 332 644 'corpora
348 580 433 630 strata
451 576 579 636 iacebant
595 577 673 630 iuxta
691 576 822 630 losentum
839 575 968 645 plurima.
1003 573 1050 629 Sic
1068 574 1183 629 salvavit
1200 573 1274 628 Dens
1290 540 1450 656 1113aest

202 647 246 700 die
265 647 313 701 illa
331 651 471 716 sperantes
493 648 522 701 in
549 665 586 705 se.
623 647 810 702 Instrumenta
833 647 949 716 itaque
967 645 1123 700 fidelium
1140 649 1237 700 contra
1254 644 1321 699 civr-

201 722 287 772 tntem
313 723 431 788 perata·
452 719 586 773 conbusta
612 723 675 772 sunt
701 718 759 774 iere
777 719 869 774 omnis
885 721 979 787 preter
996 717 1091 773 scalas.
1125 715 1248 786 Igitur
1265 715 1320 771 Ge·

201 805 324 856 nuenses,
343 787 443 857 Pisani,
462 789 613 844 Veneoiaui
640 789 757 844 firmiter
783 789 941 844 aserebant
965 805 994 842 sa
1022 786 1161 842 civitatem
1179 803 1320 858 expugne-

171 866 285 928 neuros,
312 859 361 915 sed
387 861 397 914 i
431 860 438 872 ‘
466 877 522 915 uon
550 865 629 916 erant
647 860 800 932 degenere
817 861 940 914 virorum
958 859 1077 927 illorum,
1095 875 1147 928 per
1163 875 1230 928 quos
1248 859 1320 912 salos

202 931 275 985 iacta
294 935 335 985 est
351 932 381 985 in
397 877 494 1000 ffissl,
513 933 594 1002 quis
611 932 746 986 veraciter
773 949 847 986 com
871 931 1017 986 rebeusum
1045 934 1073 984 et
1090 929 1261 984 intellectum
1279 935 1319 984 eet

201 1003 259 1056 sola
276 1002 379 1056 virtute
396 1002 490 1056 divina
501 1002 657 1057 Dominum
674 1003 703 1056 in
721 1001 824 1057 mannb
864 1003 1058 1056 hristianorum
1076 999 1137 1054 sore
1148 999 1319 1058 tradendam.

202 1073 286 1128 Post
304 1072 442 1129 fideles
459 1075 625 1129 inmemores
643 1073 839 1130 beneficiorum
857 1073 908 1128 Dei
933 1075 1203 1142 provocaverunt⁰
1227 1073 1319 1126 oculos

201 1144 293 1199 divine
311 1143 461 1200 maiestatis
479 1149 575 1200 oontra
593 1145 702 1215 ipsos,
722 1149 754 1199 et
780 1161 831 1214 per
848 1143 981 1198 desidiam
999 1143 1134 1197 maiorum
1152 1147 1181 1198 et
1198 1160 1319 1197 murmu-

165 1216 324 1270 inraciones
350 1215 488 1270 minorum
518 1216 624 1299 pedites
652 1217 788 1285 equitibus
818 1215 1033 1284 inproperabant
1059 1213 1205 1284 ignaviam,
1233 1231 1319 1282 quo·

200 1284 318 1340 nism‘l
339 1287 444 1356 equites
470 1288 624 1356 periculum
670 1287 784 1356 editum,
802 1284 912 1355 qnando
939 1290 1036 1340 contre
1052 1284 1218 1340 Sarracenos
1242 1302 1319 1356 egre-

200 1357 356 1427 diebantur,
382 1357 598 1414 dissimulsbant.
662 1358 716 1412 nde
744 1358 848 1412 isotnm
879 1361 928 1426 est,
955 1361 987 1410 ut
1013 1356 1205 1411 communibus
1231 1357 1319 1425 culpis

201 1429 815 1556 {nnssbeelrlinzeteis
833 1428 982 1554 iesse
999 1427 1424 1553 insilientes·

164 1575 288 1624 aocadra
304 1570 512 1626 Babiloniorum
529 1571 684 1642 tenderet,
703 1541 894 1625 'commisso
912 1570 1032 1640 prelio
1050 1569 1158 1624 multi
1176 1575 1318 1624 nostra·

200 1646 274 1695 tum
305 1641 588 1712 captivarentur
617 1642 798 1698 nobilium
833 1642 1014 1710 multique
1050 1641 1317 1698 occumberent.

199 1718 243 1781 In
275 1738 343 1801 qno
373 1719 536 1784 conflictu
566 1719 755 1784 Christiani
789 1719 885 1784 mille
919 1719 1075 1804 peditum
1109 1721 1145 1782 et
1179 1721 1317 1783 centum

200 1807 329 1872 milites
352 1809 540 1893 perdidisse
562 1808 827 1874 memorantur&
866 1818 940 1889 Qua
958 1818 1056 1873 dere
1075 1817 1209 1873 fideles
1227 1835 1319 1874 meror

200 1889 353 1973 occupavit,
371 1890 419 1945 sed
436 1891 514 1946 nulla
531 1890 699 1962 desperacio,
718 1891 802 1961 quia
818 1890 1009 2015 penahpeccsti
1027 1889 1081 1944 fuit
1098 1890 1150 1945 heo
1162 1889 1317 1972 castigacio,

162 1965 228 2016 aoet
246 1979 336 2016 minus
355 1962 460 2018 eratin
498 1980 658 2032 enaqnsm
678 1962 851 2034 exigerent⁰‚
922 1978 960 2016 eo
984 1961 1211 2031 ipsiquoque
1229 1978 1317 2016 1ncre·

199 2032 258 2086 duli
284 2033 378 2088 buno
407 1981 624 2089 conflictum
651 2033 728 2090 sine
758 2034 896 2088 luctuoso
927 2031 1041 2087 damno
1071 2032 1316 2102 transierunt,

200 2103 325 2158 multis
352 2104 488 2160 ibidem
514 2105 723 2176 peremptis.
760 2103 833 2160 Saue
859 2103 968 2172 Deus,
995 2103 1042 2172 qui
1068 2120 1123 2157 non
1149 2103 1318 2158 obliviscitur

199 2174 330 2243 misereri,
348 2175 450 2230 laetus
468 2193 612 2231 suorum
631 2175 767 2232 convertit
784 2176 813 2229 in
824 2174 965 2247 gandium.
995 2173 1068 2228 Nam
1086 2173 1214 2229 soldanus
1231 2193 1316 2229 unum

199 2245 234 2300 de
253 2247 367 2316 captivis
385 2245 555 2302 fidelium
573 2247 686 2301 mittens
703 2247 739 2302 de
756 2263 825 2317 paee
843 2264 907 2301 cnm
925 2245 1017 2315 ipsis
1034 2249 1153 2300 tractem
1172 2245 1260 2316 cepit3
1287 2245 1316 2299 in

162 2331 253 2386 aequo
271 2315 411 2372 tractatus
433 2317 638 2374 Christiani
656 2318 788 2372 fossatum
805 2335 902 2372 suum
927 2323 956 2372 et
973 2317 1143 2371 municiones
1160 2333 1316 2385 reparave-

198 2393 286 2444 runt.
323 2387 440 2444 interim
457 2388 596 2461 peregrini
613 2389 726 2472 plurimi
754 2393 817 2444 ante
841 2393 950 2458 tempus
967 2387 1084 2458 passagii
1100 2387 1239 2442 coniretie
1260 2401 1421 2444 redeam

198 2458 371 2515 cedentes
398 2460 535 2531 agonistae
562 2459 663 2514 (lhnsti
688 2460 717 2515 in
739 2477 847 2515 summo
874 2459 1044 2529 reliquerunt
1070 2459 1202 2528 periculo,
1227 2476 1315 2527 quos

198 2537 317 2585 tamen
336 2530 430 2585 Deus
456 2549 507 2602 per
524 2531 697 2588 Severinum
725 2530 759 2586 de
777 2530 947 2586 Malo-leone
975 2547 1014 2585 ac
1035 2529 1212 2585 bellatoribus
1229 2530 1314 2600 pluri-

197 2601 257 2669 mis,
285 2601 346 2670 qni
372 2603 496 2656 statim
523 2603 800 2672 applicuerant,
827 2601 985 2674 benigue
1012 2601 1225 2656 consolatus
1251 2605 1313 2658 est.

160 2678 359 2745 minitante
380 2699 462 2744 vero
485 2679 616 2745 ‘mense
640 2677 811 2745 Οοῒιοίπθ2
837 2691 934 2747 civitas
957 2689 1107 2758 obsidione,
1132 2688 1214 2758 ferro,
1241 2689 1408 2750 firmemus,

198 2764 227 2814 et
252 2761 412 2842 pestilenois
438 2763 560 2833 graviter
586 2761 697 2830 afflicta,
725 2761 793 2818 odeo
821 2765 853 2816 ut
879 2760 1072 2817 desiderabiles
1099 2760 1153 2817 cibi
1181 2759 1314 2829 deessent

197 2849 275 2900 paura
302 2833 438 2903 corrupti
465 2833 657 2888 abundancia
683 2833 758 2888 fuit
780 2833 810 2887 in
837 2850 878 2890 ea.
914 2832 1054 2888 Dursbilis
1073 2850 1129 2887 non
1147 2837 1189 2888 est
1206 2849 1315 2887 annona

196 2901 292 2974 llgipti
337 2921 369 2960 ro
388 2909 432 2960 ter
457 2906 555 2960 molles
581 2905 685 2976 glebas,
712 2905 741 2959 in
767 2903 867 2973 quibus
895 2903 1001 2973 crescit,
1028 2903 1081 2958 nisi
1098 2903 1223 2974 superins
1240 2903 1314 2959 ciroe

195 2978 288 3043 partes
331 2923 446 3030 abdonis
464 2975 610 3030 artificiose
628 2979 806 3031 conservetur
823 2976 853 3031 in
870 2992 964 3032 annos.
994 2975 1109 3030 Diversa
1126 2991 1229 3046 genere
1240 2991 1313 3029 mor·

159 3045 295 3100 eoborum
312 3047 452 3102 vexabunt
469 3063 524 3103 eos.
560 3045 697 3102 Soldanus
714 3048 826 3102 eciam
850 3045 885 3102 de
903 3047 949 3102 dis
967 3047 996 3100 in
1013 3046 1088 3102 diem
1105 3046 1182 3102 vanis
1218 3046 1313 3101 romis-

96 3124 130 3175 ἰ).
138 3125 186 3168 ³89.
196 3116 316 3171 sionibus
335 3115 484 3188 impios¹¹
507 3118 632 3172 hortatus
649 3117 773 3188 ‘decepit
788 3119 911 3176 miseros.
941 3117 1002 3173 Illis
1020 3117 1115 3187 eciem,
1133 3117 1182 3186 qui
1198 3063 1266 3172 foris
1284 3117 1313 3170 in

195 3187 317 3242 exercitu
335 3187 549 3244 San-soenorum
577 3187 713 3244 fideles
740 3189 936 3257 obsederant,
964 3189 1044 3258 copia
1070 3187 1149 3257 penis
1173 3192 1203 3242 et
1218 3187 1313 3258 pabuli

195 3258 445 3386 ιορέξὲἰιοὲτωᾳιειο.
464 3259 698 3387 Νὓὲιίιθιίᾳιιίᾷοιιι,
705 3260 755 3387 {lizi
767 3265 830 3330 post
842 3259 1085 3402 sestumffllbattlmn
1097 3259 1313 3400 bsptistfflsffi
1322 3272 1351 3316 ιι,
1359 3283 1377 3316 s.
1385 3273 1418 3312 ro.

194 3347 224 3382 m
358 3347 440 3386 onem
458 3348 506 3386 san
568 3349 656 3387 musas
674 3349 731 3386 soe
761 3349 919 3387 excrescere
1058 3347 1086 3384 m
1143 3347 1187 3384 sm

157 3401 296 3458 aosioeam
314 3402 508 3471 reliquerat,
526 3419 581 3472 que
607 3421 659 3458 neo
676 3403 805 3458 seminari
823 3420 875 3458 nec
892 3371 965 3456 affari
980 3347 1158 3485 ,ssmffio
1177 3405 1312 3470 tempore.

195 3471 278 3527 Unde
304 3473 432 3527 soldanus
459 3473 598 3529 caristiam
624 3473 725 3529 timens
753 3477 782 3529 et
807 3473 918 3542 famem,
946 3490 1032 3528 eoram
1057 3489 1151 3526 amore
1168 3470 1312 3527 retinende

194 3542 321 3599 Domiatc
339 3545 423 3599 talem
449 3561 546 3615 pacem
574 3562 636 3600 cum
655 3543 741 3599 fraus
758 3561 808 3599 suo
826 3541 999 3599 eorindsnot
1026 3542 1185 3598 Christianis
1203 3542 1311 3612 obtulit,

194 3618 226 3668 ut
247 3631 356 3670 crucem
373 3619 505 3684 metam,
523 3633 576 3686 qne
588 3615 654 3670 olim
673 3621 753 3686 capta
772 3615 826 3670 luit
843 3616 872 3670 in
890 3614 1005 3670 victoris
1022 3613 1153 3683 Sslsdini,
1171 3631 1235 3668 cnm
1247 3615 1312 3668 oiri·

194 3689 252 3741 tate
268 3691 363 3741 sanda
380 3691 409 3742 et
426 3687 553 3743 omnibus
571 3686 694 3756 captivis,
712 3687 759 3757 qui
777 3703 827 3757 per
844 3703 962 3758 regnum
979 3685 1120 3740 Babilonis
1139 3688 1167 3740 et
1184 3684 1312 3741 Damasci

157 3867 217 3914 ιιι)
230 3865 303 3915 plrata
317 3867 339 3916 1;
353 3877 395 3908 om.
408 3865 436 3906 Β.
477 3864 500 3915 b)
513 3866 574 3906 sici.
584 3865 605 3904 R
618 3877 665 3904 m
678 3865 726 3906 sod.
740 3867 834 3916 mom
848 3865 921 3909 Pam.
934 3865 1027 3913 oliveri,-
1041 3875 1118 3905 manns
1131 3864 1187 3908 otro.
1226 3864 1248 3915 c)
1262 3876 1312 3916 pro·

194 3925 304 3960 namot
316 3921 336 3961 l.
389 3918 412 3968 d)
425 3918 476 3967 qn‘ro
490 3921 515 3969 ις
529 3918 588 3969 qfido
602 3919 629 3962 B.
683 3919 704 3971 a)
717 3920 748 3959 stc
762 3921 781 3962 1.
795 3919 828 3968 3,·
841 3919 943 3968 exirem
957 3917 1023 3968 eulpa
1036 3917 1091 3961 our.
1135 3919 1242 3968 otrsetu
1256 3921 1276 3963 1.-
1285 3919 1312 3962 Β.

193 3971 459 4069 {bammum
472 3971 527 4015 oliv.
594 3971 618 4023 lr)
631 3972 662 4012 stc
676 3975 695 4016 ι.
708 3973 743 4022 B,-
763 3974 822 4023 ipsos
836 3972 891 4016 osso.
963 3971 980 4024 l)
992 3973 1024 4012 etc
1037 3972 1058 4011 R
1075 3971 1097 4016 b.
1111 3971 1138 4020 l.,·
1158 3969 1268 4013 condano
1283 3973 1311 4022 15

196 4167 224 4234 1)
247 4167 293 4220 Eo
318 4167 401 4220 altero
425 4169 499 4232 sonte
525 4167 589 4220 boec
612 4173 704 4220 sudor
728 4167 846 4232 Erford.
872 4168 1015 4221 inseruisse
1040 4167 1151 4223 videtur.
1188 4168 1231 4232 Of.
1257 4165 1312 4220 loc.
1426 4217 1430 4232 ,

158 4238 225 4294 code
239 4237 360 4291 Vis-iaco
377 4240 465 4307 epistt,
485 4237 622 4292 ‘Zesiecbn
644 4240 665 4304 f.
685 4237 898 4306 Kirebmpesobf
915 4237 980 4307 XV,
1000 4257 1032 4363 ἔ.
1051 4241 1112 4296 586.
1191 4241 1220 4308 2)
1242 4238 1312 4303 Ques

196 4308 317 4362 Okbenss
338 4310 421 4378 paulo
446 4315 525 4363 anuo
546 4310 644 4374 festum
662 4310 771 4364 σοιιιιαι
787 4315 811 4363 et
830 4309 965 4362 1)αωίαηί
987 4318 999 4376 (
1021 4317 1070 4380 opt.
1088 4312 1138 4373 27)
1161 4325 1313 4364 commene-

194 4381 275 4447 rave,
293 4380 430 4434 obs-cnido
448 4381 511 4434 tax
528 4379 607 4434 verbo
625 4383 769 4434 immisse
786 4381 898 4437 maur.
