3246 4866
314 328 368 381 434
469 320 662 376 eboracen
678 321 705 378 S.
716 320 831 377 PETRI
843 321 1005 378 ERFORD.
1023 320 1220 377 APPENDIX
1231 321 1281 379 VI.

316 513 370 572 ter
393 505 579 572 consimilis
603 505 732 570 ibidem
755 506 873 570 extitit
902 505 1051 570 lundete
1074 507 1217 589 antiquo
1241 527 1344 590 super
1366 529 1433 570 am-

317 597 403 672 bitu,
428 596 487 660 sed
510 596 649 679 penitus
673 593 821 670 sublate,
846 615 885 659 ec
910 595 952 660 de
975 615 1073 671 novo,
1094 600 1181 678 que⁸
1200 617 1293 660 nunc
1309 599 1371 671 est,
1395 597 1433 659 in

316 685 429 750 locum
459 687 652 749 restaurate
681 684 745 748 sub
774 684 935 768 religioso
966 686 1064 769 petre
1088 685 1227 749 domino
1251 682 1433 749 Gunthero

317 774 442 839 abbate
466 773 665 838 monasterii
688 774 808 838 nostri.
855 773 983 838 Verum
1007 773 1051 836 ed
1074 773 1281 838 instanciam
1306 773 1434 858 preieti

317 862 447 927 domini
471 859 645 926 Guntheri
669 861 804 927 abbatis
828 861 936 927 libere
959 865 1100 946 propter
1123 860 1235 927 Deum
1260 883 1321 946 per
1343 882 1433 928 reve·
1452 883 1465 922 o

316 952 461 1016 rendum
490 952 527 1013 in
552 949 690 1015 Christo
720 954 853 1034 putrem
885 951 1062 1015 dominum
1091 949 1283 1015 Iohannem
1319 972 1432 1036 supre-

316 1040 459 1116 dictum,
483 1038 625 1104 ecclesie
655 1039 788 1104 scilicet
812 1039 1012 1124 Syronensis
1041 1039 1249 1124 episcopum,
1281 1059 1433 1105 reveren·

317 1128 448 1193 dissimi
471 1128 601 1193 domini
631 1129 741 1193 nostri
764 1128 894 1192 domini
917 1127 1056 1192 Ditheri
1086 1132 1205 1194 sancte
1228 1128 1433 1211 Megnntine

317 1218 407 1283 sedis
441 1217 690 1302 archiepiscopi
723 1217 890 1281 vicarium
925 1221 1001 1292 etc,
1036 1215 1227 1282 solenniter
1260 1218 1433 1301 premissis

317 1306 428 1371 solitis
444 1311 480 1371 et
495 1307 668 1371 consuetis
683 1305 817 1382 officiis,
838 1305 1014 1371 dedicucio
1029 1306 1106 1390 ipse
1123 1306 1306 1371 inhonore
1322 1307 1433 1370 suncti
1444 1327 1470 1364 lo

317 1395 499 1460 Leurencii
521 1395 681 1469 martiris,
707 1394 899 1459 Bernhardi
922 1395 1058 1459 sbbetis
1081 1414 1217 1459 necnon
1236 1399 1433 1460 sanctarum

317 1485 489 1568 virginum
512 1483 709 1559 Scolestice,
733 1483 952 1568 Appollonie,
977 1483 1071 1547 Fidis
1102 1486 1137 1547 et
1160 1483 1358 1549 Petronelle
1381 1505 1434 1549 ex·

317 1573 393 1637 titit
415 1576 662 1650 consummate,
686 1572 777 1637 diem
802 1573 1012 1637 dominicum
1038 1575 1117 1656 post
1138 1572 1269 1637 festum
1292 1573 1432 1638 circum·

318 1661 456 1727 cisionis
486 1661 626 1726 Domini
655 1661 755 1725 ennis
787 1661 932 1746 singulis
962 1683 1024 1747 pro
1054 1661 1275 1727 dedieecione
1304 1662 1433 1727 ibidem

318 1750 523 1816 celebrande
552 1751 758 1835 assignando
789 1770 867 1815 cum
896 1751 1126 1834 quadraginta
1160 1751 1292 1816 dierum
1323 1751 1470 1815 indul-rs

318 1840 447 1922 genciis
479 1842 701 1924 patronorum
731 1861 771 1904 ec
795 1839 1026 1905 dedicacionis
1055 1839 1128 1904 dies
1151 1840 1327 1924 perpetuis
1349 1843 1433 1904 tem-

317 1929 458 2012 poribus
487 1927 634 2014 gloriose
661 1950 723 2014 pro
753 1929 975 1993 visitantibus
1006 1928 1200 1994 devocionis
1231 1949 1334 1993 oense
1361 1949 1433 2011 pre-

317 2016 428 2081 fetem
444 2017 622 2101 capellam,
639 2017 852 2082 orationibus
869 2018 1002 2082 devotis
1013 2017 1196 2101 premissis,
1214 2017 1432 2082 cumulando.

320 2099 416 2185 [Heeb
436 2116 543 2170 sutem
560 2116 741 2171 sanctorum
764 2113 798 2170 in
817 2113 908 2171 alteri
930 2113 1049 2170 ibidem
1063 2113 1265 2171 continentur
1287 2112 1438 2188 reIIquier

319 2201 426 2258 Sancti
440 2200 604 2259 Laurencii
619 2202 765 2270 martiris,
788 2202 828 2259 de
843 2206 933 2277 petra
947 2200 1130 2260 Gethsemi⁰
1151 2202 1205 2259 nbi
1221 2202 1322 2259 oravit
1337 2201 1433 2260 domi·
1443 2214 1470 2252 2⁰

317 2308 379 2348 nus
403 2289 514 2347 ihesus
543 2291 585 2348 sd
613 2294 746 2366 petrem,
771 2290 810 2347 de
840 2291 948 2348 tabule
979 2307 1073 2365 super
1101 2307 1197 2367 quem
1223 2290 1369 2360 comedit,
1394 2290 1433 2347 de

318 2395 401 2454 pene
424 2380 463 2436 de
486 2395 548 2454 quo
571 2380 703 2437 saciavit
727 2380 744 2438 5
765 2379 861 2448 milia,
885 2380 925 2437 de
947 2383 1088 2456 ungento
1103 2380 1202 2437 Marie
1224 2385 1257 2437 et
1272 2380 1369 2437 Marie
1392 2379 1433 2436 ed

319 2469 508 2543 sepulcrum,
528 2468 567 2525 de
592 2467 733 2526 Gslvarie
756 2468 834 2537 loco,
858 2469 962 2526 Iecobi
985 2469 1128 2544 apostoli,
1152 2467 1284 2526 Steffeni
1310 2469 1433 2544 protho-

319 2557 466 2626 martiris,
497 2557 660 2614 Lenrencii
690 2559 827 2633 episcopi
856 2561 889 2615 et
911 2559 1058 2626 martiris,
1086 2557 1263 2616 Sebastieni
1286 2558 1432 2626 martiris,

320 2645 444 2721 Georgii
473 2647 620 2715 martiris,
651 2646 762 2704 Felicis
791 2663 872 2721 pepe
902 2650 935 2704 et
963 2647 1110 2715 martiris,
1142 2645 1252 2704 Girieci
1286 2647 1471 2715 martinum

320 2733 451 2793 Driccii⁰
473 2735 609 2809 episcopi
625 2739 657 2792 et
672 2735 818 2804 martiris,
842 2735 939 2792 Primi
962 2741 995 2793 et
1009 2736 1167 2805 Feliciani,
1192 2733 1334 2807 Quatuor
1352 2751 1434 2793 coro·

319 2827 476 2892 natorum,
495 2822 650 2881 Undecim
666 2825 788 2881 milium
803 2825 971 2899 virginum,
995 2824 1154 2883 Hermetis
1171 2825 1318 2894 martiris,
1339 2824 1435 2882 Ulrici

319 2913 456 2988 episcopi
472 2915 505 2969 et
519 2912 716 2981 confessoris,
740 2912 903 2970 Benedicti
918 2913 1051 2982 abbatis,
1070 2913 1209 2972 Heinrioi
1227 2914 1434 2988 imperatoris,

320 3004 428 3059 sancte
451 3001 549 3058 Marie
572 3001 768 3076 Magdelene.
801 3000 842 3058 lit
864 3002 996 3060 aliorum
1020 2994 1222 3076 sanctornm].

234 3093 310 3146 1479.
427 3083 518 3148 Item
548 3084 706 3168 sequenti
735 3105 836 3160 enno,
867 3084 1029 3150 videlicet
1064 3089 1156 3162 1479,
1188 3086 1225 3149 in
1255 3085 1310 3149 die
1342 3084 1473 3149 beetiso

226 3172 447 3248 raesssiriaci
470 3173 620 3236 martiris
643 3193 684 3237 ec
707 3173 877 3237 sociorum
907 3173 981 3238 eius
1008 3174 1230 3240 reconciliate
1253 3177 1306 3238 est
1329 3195 1369 3238 ec
1392 3174 1434 3238 de

320 3282 408 3326 novo
432 3264 631 3327 consecrate
654 3257 1136 3345 capellainorffalld·1siu
1157 3263 1249 3328 inter
1272 3263 1374 3327 Alich
1399 3265 1435 3327 et

320 3351 490 3416 Totelstet
518 3371 539 3414 a
570 3350 769 3434 supradicto
798 3351 958 3435 episcopo
987 3352 1024 3415 in
1058 3352 1189 3417 bonore
1218 3355 1336 3416 sancte
1370 3351 1436 3416 Dei

234 3465 264 3508 η.
272 3466 310 3508 re.
320 3441 497 3524 genitricis
520 3439 640 3516 Merie,
666 3439 785 3505 *beate
808 3442 909 3505 Anne
932 3441 1052 3504 metris
1076 3441 1229 3506 eiusdem
1253 3461 1293 3504 ec
1317 3443 1435 3504 sancte

319 3529 429 3593 Merie
445 3528 661 3611 Megdelene,
685 3531 950 3612 sanctorumque
965 3530 1145 3593 martirum
1161 3528 1311 3612 Georgii,
1336 3529 1436 3593 Sebe·
1446 3545 1474 3585 ³⁵

320 3618 434 3694 stieni,
460 3617 586 3682 Oirieci
608 3638 648 3682 ec
672 3617 840 3682 sociorum
864 3618 937 3683 eius
960 3638 1094 3683 necnon
1118 3619 1212 3682 beati
1231 3616 1436 3702 Woltgengi

321 3707 472 3791 episcopi
496 3710 532 3771 et
555 3706 767 3772 confessoris.
804 3711 901 3770 Cuius
925 3712 1053 3788 quidem
1075 3713 1204 3771 ecclesie
1228 3714 1295 3770 sive
1318 3712 1436 3788 capelle

320 3801 479 3859 dedicacio
494 3802 668 3859 constituta
688 3805 737 3859 est
760 3802 926 3877 aprefeto,
950 3801 1068 3859 scillcet
1086 3800 1273 3876 Syronensis
1295 3803 1435 3870 ecclesie,

319 4020 402 4072 s)f10.
469 4021 492 4070 b)
510 4021 570 4060 uncte
584 4021 634 4060 incl.
650 4021 697 4059 alia
710 4021 786 4072 oratura
799 4032 866 4059 mauu
879 4031 933 4062 saec.
942 4019 993 4070 ΧΓ,
1007 4033 1062 4071 quae
1076 4025 1095 4060 et
1110 4034 1136 4071 p.
1147 4021 1195 4070 488,
1213 4021 1328 4066 „sta”
1342 4022 1437 4072 scripsit,

321 4076 343 4112 r'n
356 4085 428 4123 mum,
441 4075 511 4124 suppl.
565 4077 586 4122 e)
599 4075 630 4112 stc
643 4086 660 4116 c.
714 4072 738 4125 d)
752 4075 825 4114 orisll'
839 4086 857 4114 c.
1446 4079 1476 4118 40

321 4235 348 4300 1)
368 4233 421 4298 Qui
438 4233 507 4286 locris
524 4234 643 4285 decenus
661 4238 706 4288 cst.
744 4234 786 4297 Of,
805 4234 864 4288 Nic.
883 4233 914 4287 de
932 4234 1025 4302 seyen
1040 4252 1069 4303 p.
1081 4237 1133 4291 457
1152 4236 1213 4302 (ubi
1229 4235 1352 4302 hymetus
1370 4236 1441 4286 anni

320 4321 449 4356 numus
468 4305 546 4360 1479.
560 4319 614 4370 pro
633 4305 724 4368 1489).
742 4307 803 4360 464.
