3248 4856
319 359 370 412 732
539 355 655 411 LIBER
673 355 922 412 ORONIOORUM
941 353 1209 415 ERFORDIINSIS.

424 531 480 620 2b)
523 537 626 603 Codes
659 537 861 604 bibliothecae
888 535 1203 620 Moihinpensis
1235 535 1432 602 serenissimi

312 624 474 707 principis
503 628 540 690 de
567 626 965 710 octonem-Wolterstsim
996 647 1056 708 quo
1079 624 1301 708 benipmssime
1330 645 1431 690 conoe-

318 715 407 778 dente
422 713 611 780 Berolinnm
632 715 713 780 milii
729 715 878 798 precanti
899 714 1106 780 transmissis
1129 721 1182 796 est,
1206 713 1350 796 siquotus
1365 714 1428 777 Ι.2

320 799 426 886 (lot.)
450 803 506 883 fol.
532 805 604 884 321,
635 804 734 870 eliort.
758 805 825 885 sol,
852 809 913 869 122
942 804 1101 884 foliorum,
1133 825 1163 867 0.
1191 809 1286 866 1453.
1309 802 1429 866 mendo·

317 891 440 958 sissime
461 891 597 975 scriptus
606 894 626 974 ²,
651 915 720 958 cum
735 892 836 958 Dibio
851 893 1056 972 cronicorum,
1080 891 1136 973 qui
1150 892 1235 956 solus
1257 891 1314 955 lioc
1329 890 1430 956 codice
1446 909 1459 948 o

318 980 501 1061 continetur,
525 981 732 1063 siciscriptum
761 981 821 1046 sit:
850 983 1001 1068 Explicit
1030 981 1185 1066 hystorie.
1207 980 1348 1045 Ilusebii
1370 999 1430 1063 per

317 1091 372 1134 me
397 1071 586 1135 Iohannem
611 1071 743 1136 Stirner
773 1072 816 1136 de
839 1071 1099 1148 Nove-civitate,
1124 1070 1274 1134 studens
1283 1065 1313 1150 (1)
1341 1068 1430 1132 alme

318 1159 552 1223 universitatis
568 1159 806 1236 Erffordensis‚
831 1163 928 1225 sexis
949 1159 1038 1226 ieris.
1060 1163 1139 1242 post
1161 1159 1314 1223 omnium
1337 1177 1430 1221 sene·

318 1251 442 1310 torum.
477 1249 579 1312 Anno
603 1248 744 1313 Domini
767 1247 950 1314 M000000
972 1248 1254 1332 quinquagesimo
1277 1245 1429 1311 0060003.

431 1335 552 1402 Unicus
580 1336 636 1417 qui
664 1343 765 1402 enstot
793 1338 888 1402 codes
913 1337 1025 1402 tertios
1047 1335 1159 1400 elassis
1181 1355 1215 1400 eo
1238 1355 1307 1399 eum
1329 1334 1430 1398 altero
1441 1353 1466 1391 10

319 1424 417 1488 closse
450 1425 602 1498 convenit,
637 1426 720 1506 qnod
751 1446 816 1490 non
850 1426 941 1491 hobel
969 1431 1140 1490 extremam
1168 1422 1362 1505 porticulom
1392 1441 1430 1486 ece

320 1511 470 1578 Heinrici
492 1514 530 1578 de
547 1512 732 1578 Heroordio
755 1514 835 1580 libro
858 1513 1047 1595 descriptam
1069 1536 1100 1578 o.
1120 1518 1213 1594 1330,
1237 1513 1293 1576 sed
1314 1513 1353 1576 05
1372 1510 1430 1576 lios

319 1607 348 1666 et
363 1601 475 1682 primo
497 1603 595 1667 etosse
617 1601 724 1667 multis
745 1602 822 1668 otiis
844 1602 960 1682 differt.
1000 1602 1093 1668 Solus
1116 1601 1207 1666 liobet
1228 1606 1344 1682 notam,
1368 1620 1430 1680 quo

226 1687 232 1699 '
319 1696 428 1755 erutor
450 1690 529 1755 dicit
549 1713 581 1756 se
603 1691 687 1756 hunc
709 1691 825 1756 librum
848 1697 992 1756 a.1345.
1016 1689 1177 1772 incepisse.
1212 1690 1316 1754 Hand
1331 1687 1430 1771 ponci

319 1778 380 1844 toci
407 1779 444 1844 in
473 1779 530 1844 lios
557 1780 622 1845 soto
649 1779 752 1845 codice
774 1781 927 1862 tepuntur,
957 1800 1089 1862 qnorum
1111 1777 1258 1844 nonnulli
1280 1799 1318 1842 en
1340 1775 1464 1841 tibrisn

319 1868 359 1933 ob
382 1873 507 1933 eredere
528 1868 694 1951 exscriptis
715 1869 831 1950 nempti
853 1874 936 1950 sunt,
959 1875 995 1933 ut
1016 1869 1100 1933 loeus
1122 1889 1152 1933 o.
1170 1873 1245 1931 461.
1269 1887 1307 1930 eu
1329 1865 1428 1930 Este

320 1955 416 2020 iordi
443 1955 611 2038 Chronico,
635 1979 665 2022 0.
691 1963 764 2021 634.
788 1955 875 2038 (134)
898 1977 936 2022 ec
963 1956 1124 2037 Gotifredi
1146 1955 1321 2021 Pantheon.
1360 1954 1429 2018 Hos

320 2049 399 2108 certe
432 2046 472 2109 ob
506 2045 574 2125 ipso
607 2051 732 2110 auctore
765 2045 899 2127 scriptos
932 2067 997 2111 esse
1033 2045 1179 2110 cerisebie
1230 2043 1303 2108 Alii
1340 2042 1429 2108 multi

320 2153 350 2194 a.
370 2136 465 2196 1203.
490 2139 584 2196 1204.
610 2139 703 2197 1208.
732 2140 825 2197 1212.
852 2139 946 2198 1214.
973 2139 1067 2198 1216.
1095 2139 1189 2198 1240.
1217 2138 1311 2197 1240.
1336 2137 1427 2195 1250.

323 2226 416 2283 1266.
448 2226 541 2284 1270.
575 2221 659 2287 inter
692 2229 834 2304 excerpto
871 2222 1025 2288 Gronieoo
1056 2219 1465 2288 Reinliordslrmennensism

320 2311 489 2374 secundnm
518 2309 661 2374 ordinem
690 2331 847 2375 annorum
879 2311 993 2376 inserti
1025 2310 1242 2376 inveniuntur.
1293 2310 1429 2391 Quorum

320 2398 467 2464 nonnulli
500 2419 568 2464 mem
602 2399 748 2465 (ironicis
776 2399 1029 2480 lirfordensibus
1057 2398 1308 2482 Enpellinsionis
1338 2397 1429 2477 infre

319 2487 411 2552 editis
433 2494 468 2553 ut
483 2488 635 2570 permulti
657 2488 716 2555 loci
739 2489 922 2571 appendicis
937 2488 1032 2556 Libri
1055 2488 1259 2569 cronicorum,
1284 2485 1344 2551 olii
1362 2506 1429 2552 cnm

318 2577 503 2642 Annalibus
524 2578 666 2643 breoilms
684 2577 968 2643 Wornmtiensibus
984 2574 1227 2660 (Mopuntims),
1249 2575 1429 2658 quibtesmcm

319 2665 412 2730 etiarn
435 2687 519 2731 uncis
541 2667 625 2732 locus
655 2689 684 2731 o.
712 2672 805 2748 1165,
837 2666 893 2748 qui
919 2667 956 2732 in
985 2667 1128 2732 omnibus
1158 2665 1315 2731 codicibus
1338 2661 1465 2729 Isilrim

319 2754 516 2819 cronicorum
538 2754 660 2837 lepitur,
685 2755 865 2832 consentit4,
894 2762 922 2820 ct
944 2776 1014 2820 cuni
1037 2755 1162 2835 Sitrido
1186 2756 1223 2820 de
1244 2751 1428 2819 Bolnleusin

318 2842 519 2924 conveniunt,
554 2851 589 2907 ut
621 2844 750 2926 exposui
783 2843 836 2910 ‘N.
861 2844 996 2910 Archio'
1024 2845 1132 2925 XXI,
1165 2865 1200 2924 p.
1232 2846 1428 2907 504-513.

317 3053 381 3104 doto
405 3051 437 3102 de
460 3051 600 3107 oodioe1⁸
621 3054 742 3120 referret,
762 3055 901 3122 epilopum,
923 3055 958 3106 eb
975 3054 1007 3108 L.
1026 3053 1059 3107 F.
1078 3053 1160 3105 Heme
1177 3049 1200 3105 et
1218 3052 1255 3103 K.
1274 3050 1428 3103 Hermione

318 3125 374 3174 iom
391 3123 526 3175 enemim
542 3123 737 3176 vindobonensi·
753 3125 859 3190 editum,
878 3127 1023 3192 proprium
1041 3139 1093 3177 esse
1112 3125 1188 3175 illius
1206 3124 1302 3174 codicis
1321 3125 1358 3177 1⁸
1373 3123 1428 3189 opi·

318 3200 439 3248 moretur.
471 3193 513 3258 Of.
529 3195 632 3261 Wnicle,
652 3194 840 3261 ‘Entsielcunp'
857 3213 883 3262 p.
897 3197 940 3260 51,
958 3213 984 3249 n.
999 3199 1022 3249 l.
1081 3197 1113 3260 6),
1128 3195 1185 3260 Qut,
1198 3195 1302 3261 quidem
1321 3195 1467 3253 000051,οο

317 3282 375 3318 eum
389 3283 419 3333 p.
432 3269 492 3321 453.
512 3269 671 3333 opinaretur
684 3268 823 3319 &onmem
836 3267 966 3319 Minorem
985 3267 1052 3332 (cod.
1071 3267 1163 3330 1114)
1181 3265 1228 3317 hoe
1246 3265 1313 3317 libro
1331 3271 1429 3316 retine·

318 3343 402 3389 totam
426 3353 486 3391 esse.
524 3339 606 3390 Cuius
631 3340 733 3390 erroris
751 3339 843 3402 foeilis
867 3340 943 3389 venie
967 3339 993 3389 ei
1016 3338 1107 3388 dendo
1126 3344 1170 3402 est,
1193 3352 1253 3389 cum
1272 3351 1300 3388 eo
1318 3341 1430 3402 tempore

317 3411 356 3472 (a.
376 3411 459 3471 1863)
471 3425 575 3476 porum
593 3411 625 3461 de
642 3410 685 3461 liis
701 3409 834 3461 chronicis
851 3414 989 3461 constaret.

425 3481 452 3546 1)
471 3479 566 3530 Primo
584 3481 665 3531 huiies
682 3481 778 3532 codicis
794 3482 892 3531 notitia
909 3481 974 3531 doto
992 3485 1029 3531 est
1046 3495 1064 3530 0
1087 3479 1269 3533 nemnem
1287 3476 1429 3529 40211005-

317 3549 419 3604 rieliten
437 3565 486 3602 oon
503 3551 552 3602 der
569 3551 641 3609 Hist,
661 3550 850 3603 Kommiesion’
869 3550 956 3616 ΙΙῙ,4
974 3550 1076 3618 (1802),
1093 3568 1121 3618 p.
1138 3553 1198 3606 135.
1236 3550 1290 3613 Qui
1306 3548 1371 3602 liber
1388 3561 1467 3600 rie-ee

317 3625 386 3674 senti
409 3629 459 3674 tem
478 3635 524 3673 ore
547 3628 702 3689 compostus,
727 3625 757 3673 tn
775 3621 869 3674 scheda
887 3628 1032 3688 tepumento
1050 3622 1220 3688 opptutinoio
1237 3623 1361 3687 sipnetus
1377 3625 1429 3672 est:

317 3639 499 3746 Ekkehmuliis
516 3690 698 3760 Urnugiensis,
716 3691 871 3746 chronicon
889 3691 1041 3746 universale
1059 3708 1120 3744 cum
1140 3690 1330 3744 additamentis
1348 3689 1429 3742 histo·

317 3763 387 3815 niem
406 3761 599 3832 Thuringicam
624 3763 875 3831 complectentibus.
963 3766 991 3830 2)
1020 3765 1093 3828 Quod
1112 3763 1141 3818 0.
1160 3763 1245 3827 Posse,
1272 3762 1334 3816 ‘Die
1351 3763 1430 3814 Reiu-

318 3835 453 3893 liordtslir.
480 3834 738 3888 Gesctiiclitsbiulier'
753 3853 782 3901 p.
803 3839 844 3890 12.
869 3837 950 3901 dieii,
974 3835 1044 3887 lium
1068 3835 1178 3887 codicem
1202 3834 1276 3898 lonpe
1299 3834 1429 3886 mborun

318 3913 419 3958 tentum
442 3907 567 3973 prosum
584 3922 665 3972 quom
682 3909 732 3972 2⁸,
758 3908 907 3974 approbare
924 3923 978 3960 non
1000 3921 1118 3974 possum
1153 3906 1217 3957 Non
1234 3905 1338 3971 quiderm
1356 3904 1467 3956 tuideo

318 3977 401 4029 multu
418 3979 514 4030 mendo
532 3977 614 4029 liniris
632 3977 704 4046 libri,
724 3978 769 4030 sed
785 3981 927 4030 innumero
943 3980 1009 4032 olio.
1037 3977 1157 4028 Plurimi
1173 3977 1280 4028 nummi
1297 3989 1429 4027 annorum

318 4051 347 4100 tn
372 4049 420 4100 tioc
445 4049 513 4100 libro
537 4048 634 4100 litteris
654 4052 801 4117 perscripti
823 4055 893 4102 sunt.
976 4050 1004 4116 3)
1031 4047 1103 4100 Idem
1128 4047 1186 4100 Iole.
1211 4046 1319 4098 Stirner
1346 4045 1428 4100 eodem

318 4123 441 4177 01458.
463 4126 525 4188 pou
550 4119 619 4188 Sept.
638 4123 682 4176 29.
708 4121 845 4185 exemplar
863 4119 989 4171 Chronici
1012 4119 1131 4170 Martim
1155 4117 1327 4186 Oppooicnsrs
1351 4118 1429 4168 eonti-

317 4195 397 4242 nnoti
413 4207 495 4260 usque
512 4191 549 4244 od
566 4193 683 4247 o.1453.
702 4192 818 4258 scripsit,
836 4191 906 4256 quod
924 4193 953 4241 in
971 4190 1059 4242 eodem
1077 4189 1231 4242 bibliotheca
1249 4187 1431 4254 nemimem·

317 4268 447 4317 suuntur.
485 4263 526 4326 Cf.
547 4263 590 4317 ‘N.
610 4262 722 4315 Archio’
746 4260 807 4323 VII,
831 4278 860 4327 p.
882 4263 940 4316 174.
978 4262 1019 4324 Of.
1040 4261 1142 4326 irenae,
1163 4259 1309 4314 ‘Zeitsclnz’
1326 4277 1355 4326 p.
1370 4260 1466 4321 ltin

318 4348 345 4384 n.
365 4334 388 4384 1.
461 4335 489 4398 4)
516 4333 559 4395 Cf.
578 4334 622 4386 ‘N.
641 4333 756 4384 Arener
774 4332 855 4394 XXI,
876 4349 906 4398 p.
926 4333 977 4386 512
989 4347 1027 4398 sq.

1475 531 1489 566 3
