3236 4850
312 393 480 450 cRONIcA
493 393 919 451 ammonentem
932 393 1022 452 MOD.
1042 395 1078 452 A.
1090 399 1167 452 1303.
1252 398 1304 452 325

188 599 229 643 ex
252 576 363 642 altera
386 582 484 662 parte
508 581 620 643 castra
643 598 705 643 sua
728 579 826 643 firma
849 580 1048 662 posuerunt.
1083 579 1304 662 Francigenis
1315 584 1392 638 1302.

187 667 295 750 igitur
319 687 396 731 cum
419 687 500 752 rege
524 687 586 732 suo
609 668 719 752 primo
743 689 842 732 mane
866 668 910 731 ad
929 667 1022 732 bella
1038 667 1419 752 procedentibusc1u1.11).

188 759 224 820 et
258 759 379 819 contra
412 755 639 821 Flandrenses
675 777 776 841 super
810 757 981 821 fossatum
1015 777 1140 840 magna
1173 758 1303 822 virtute

81 845 415 923 aco-venientibus,
441 845 536 928 ligna
564 849 782 928 rumpuntur,
807 849 842 910 ct
872 847 908 908 in
932 845 1100 909 fossatum
1126 844 1302 910 ‘cadentes

155 953 207 996 sa
231 933 301 997 suis
324 938 403 1017 post
425 954 461 998 se
484 934 702 999 venientibus
721 933 971 1018 obprimantur,
997 955 1018 998 a
1033 934 1303 998 Flandrensibus

188 1023 403 1087 occiduntur.
448 1022 522 1088 Nec
551 1023 668 1086 ultimi
700 1023 951 1106 Francigenum
985 1043 1046 1107 pre
1078 1022 1302 1086 multitudiue

187 1111 273 1176 scire
297 1114 456 1194 poterant
480 1111 680 1196 periculum,
705 1113 796 1196 quod
820 1115 1051 1177 antecessores
1081 1111 1303 1176 sufferebant.

188 1199 416 1264 Multitudine
431 1201 549 1283 itaque
565 1201 817 1284 Francigenum
833 1220 995 1285 oppressa
1010 1204 1046 1264 et
1061 1200 1182 1276 occisa,
1197 1199 1303 1264 ceteri

187 1289 307 1372 fugam
336 1289 470 1354 ineunt.
516 1289 609 1369 Quos
633 1289 861 1354 Flandrenses
890 1309 1017 1372 magna
1038 1289 1168 1354 virtute
1196 1307 1303 1372 perse

152 1381 332 1461 toquentes
362 1399 383 1442 a
412 1379 482 1442 suis
514 1379 641 1442 finibus
672 1379 887 1462 expulerunt.
934 1377 1022 1443 Inde
1052 1378 1097 1442 ad
1120 1381 1234 1442 castra
1256 1397 1304 1441 re-

189 1469 333 1531 deuntes
363 1470 400 1531 et
429 1467 618 1532 occisorum
648 1468 758 1552 spolia
785 1468 1007 1532 detrahentes
1029 1466 1300 1532 incredibilitera

188 1560 271 1619 sunt
286 1555 399 1620 ditati.
435 1555 593 1620 Secundo
617 1557 743 1620 iterum
768 1576 846 1620 cum
863 1575 944 1640 rege
961 1556 1114 1633 Francis,
1139 1556 1198 1639 qui
1214 1575 1303 1620 exer·

189 1645 298 1708 citum
326 1648 555 1728 reparaverat,
581 1645 797 1710 decertantes
819 1645 965 1709 victoria
995 1648 1076 1708 sunt
1100 1645 1213 1727 potiti.
1259 1644 1304 1707 In

188 1753 255 1816 quo
279 1734 466 1799 certamine
491 1733 592 1798 multi
615 1733 749 1799 nobiles
772 1755 813 1799 ex
828 1737 927 1817 parte
949 1733 1040 1816 regis
1055 1733 1199 1798 Francis
1223 1734 1304 1796 sunt

152 1844 179 1884 rs
188 1823 292 1886 occisi
303 1823 323 1884 ¹.
366 1822 465 1888 Inter
487 1843 572 1906 quos
595 1823 687 1887 filius
710 1823 834 1888 sororis
856 1823 948 1906 regis
971 1822 1115 1886 Francis
1126 1823 1146 1900 ²,
1171 1821 1303 1905 etipse

188 1911 337 1976 existens
366 1931 435 1989 rex,
469 1911 648 1976 occiditur.
694 1912 768 1976 Rex
797 1932 878 1977 vero
901 1911 1046 1976 Francie
1076 1932 1153 1975 cum
1178 1930 1303 1994 magno

188 1999 342 2084 periculo
377 2004 429 2065 est
463 2001 616 2065 salvatus
626 2000 648 2065 ³.
694 2000 814 2065 Tercio
848 2020 966 2066 omnes
995 2000 1085 2064 vires
1118 2000 1217 2084 regni
1251 1999 1303 2062 sui

188 2108 399 2174 congregans
423 2093 459 2155 et
481 2089 670 2154 exercitum
692 2088 978 2155 innumerabilem
998 2108 1160 2173 reparans
1184 2091 1391 2152 contra1304.

189 2178 417 2243 Flandreuses
449 2179 656 2262 properavit.
703 2177 771 2257 Qui
800 2179 894 2243 omni
916 2179 1045 2243 virtute
1075 2198 1137 2241 sua
1167 2196 1432 2260 congre-(raas).

150 2270 271 2351 rogata
294 2271 413 2331 contra
435 2287 553 2351 regem
576 2268 620 2331 ad
643 2268 867 2352 pugnandum
890 2267 1098 2352 procedunt;
1127 2265 1219 2331 bello
1241 2266 1303 2328 ita·

188 2376 255 2438 que
283 2355 395 2420 inito4
424 2356 651 2421 Flandrenses
684 2356 832 2422 viriliter
864 2377 899 2420 se
935 2355 1138 2432 defendunt,
1169 2354 1303 2418 Franci-

188 2465 276 2528 gene
305 2445 426 2528 fugere
456 2465 517 2530 pre
540 2445 766 2510 multitudiue
795 2465 865 2509 non
889 2445 1060 2508 sinuntur.
1106 2444 1199 2507 Hinc
1222 2443 1304 2506 iude

187 2534 306 2616 itaque
339 2534 459 2598 multis
486 2535 676 2599 vulneratis
711 2526 948 2611 cadentibusl,
980 2554 1021 2598 ex
1055 2535 1154 2617 parte
1187 2534 1305 2596 tamen

190 2623 441 2705 Francigenum
472 2623 638 2706 pluribus,
662 2623 892 2688 Flandreuses
921 2626 1020 2706 terga
1050 2622 1239 2686 dederuut⁰
1269 2624 1305 2684 et

149 2713 226 2776 scin
248 2711 460 2776 municiones
483 2732 562 2776 suas
585 2733 621 2777 se
643 2715 856 2796 receperunt,
881 2713 979 2776 tante
1009 2709 1227 2774 multitudini
1257 2730 1304 2773 re-

189 2801 311 2865 sistere
333 2821 403 2865 uon
425 2801 591 2866 valentes.
630 2801 801 2865 Miserunt
823 2803 941 2864 tamen
964 2800 1008 2864 ad
1032 2819 1147 2883 regem
1172 2797 1304 2882 legatos

189 2889 417 2967 honorabiles,
449 2910 568 2974 pacem
598 2893 756 2974 petentes
786 2892 822 2954 et
845 2889 1024 2954 emendam
1047 2886 1305 2972 magnificencie

188 2979 282 3062 regie
298 2977 450 3043 debitam
474 2978 688 3062 pollicentes.
722 2978 795 3042 Rex
818 2977 925 3062 igitur
941 2977 1216 3041 animadvertens
1232 2995 1305 3039 suo-

188 3087 266 3130 rnm
296 3087 412 3132 casum
443 3071 478 3132 et
507 3067 672 3132 virtutem
702 3067 809 3131 animi
837 3067 986 3142 illorum,
1017 3069 1053 3131 et
1082 3065 1163 3149 quia
1193 3064 1306 3149 parati

149 3159 272 3219 eosunt
306 3159 367 3219 aut
400 3156 547 3220 viriliter
581 3156 668 3220 mori
702 3150 784 3220 curi
819 3157 943 3233 vivere,
976 3154 1110 3238 legatos
1144 3153 1303 3236 suscepit,

189 3245 368 3310 emendam
403 3245 596 3330 pollicitam
629 3244 833 3328 acceptavit,
864 3244 1023 3308 comitem
1054 3263 1133 3308 cnm
1165 3242 1237 3305 filio
1269 3245 1304 3306 et

188 3332 262 3398 filia
285 3353 347 3398 sua
368 3335 452 3418 ipsis
474 3333 629 3399 restituit
638 3332 660 3411 ⁵,
684 3337 720 3398 et
743 3333 791 3398 sic
814 3333 931 3398 omnia
953 3336 1034 3397 sunt
1057 3334 1191 3416 pacata.

189 3527 211 3573 a)
225 3521 382 3564 inedicibiliter
395 3525 423 3568 B.
489 3524 513 3572 b)
526 3525 557 3563 sic
570 3525 704 3574 dissiscerent
719 3525 738 3566 1.
752 3524 780 3568 B.
846 3521 867 3574 c)
881 3519 1003 3564 devertunt
1016 3523 1043 3565 B.
1111 3519 1135 3572 d)
1149 3519 1242 3562 honeste
1255 3532 1305 3570 snpr-

184 3577 289 3628 plendum
303 3578 395 3627 videtur,
408 3578 466 3628 quod
479 3577 536 3617 dccet
550 3579 570 3620 1.
582 3577 609 3623 R.

151 3753 180 3794 et
191 3739 218 3805 1)
237 3736 299 3805 Ipso
317 3753 377 3803 repe
394 3737 558 3789 Flcndricm
576 3753 601 3792 a.
616 3739 694 3793 1302.
714 3739 784 3803 Aup.
803 3736 872 3804 Sept.
891 3737 1010 3802 inpresso
1028 3735 1105 3787 nuuc
1127 3750 1221 3802 piram
1238 3749 1307 3786 com·

189 3811 272 3860 misso
291 3815 335 3863 est.
411 3807 440 3878 2)
459 3809 494 3860 In
514 3825 607 3876 pupae
632 3809 706 3875 apud
725 3808 885 3860 &amarum
904 3823 930 3862 a.
944 3808 1021 3862 1302.
1041 3805 1093 3861 lul.
1108 3807 1151 3861 11.
1169 3807 1307 3858 ammosa

190 3880 319 3932 Rctertue
336 3880 376 3934 ΙΙ.
401 3895 482 3932 mmor
500 3881 630 3945 Accam,
657 3886 784 3946 coptam
801 3881 882 3944 recte,
902 3885 925 3930 st
946 3877 1111 3941 Godcfrtdus
1129 3877 1160 3930 dc
1178 3877 1306 3941 Levatio,

189 3953 266 4002 cuius
284 3953 373 4016 frater
390 3951 449 4002 dua
466 3950 633 4003 Brabcnticc
656 3965 770 4002 sermm
794 3950 888 4002 habuit
907 3949 1093 4015 Marparctcm
1111 3947 1198 4012 filiam
1217 3947 1308 3999 [Μο-

190 4023 242 4074 cici
258 4023 311 4077 IX.
335 4023 415 4089 repis,
441 4024 552 4073 amitam
576 4021 700 4088 Pisistrpt'
717 4021 768 4087 IV,
790 4026 900 4087 procia
926 4021 997 4072 alios
1023 4021 1127 4071 comites
1153 4018 1307 4072 ceciderunt.

153 4111 181 4149 to
189 4093 284 4145 Nescio
312 4109 349 4146 aa
374 4093 472 4146 bovam
498 4093 630 4161 modom
658 4097 751 4144 anaor
775 4095 806 4144 in
831 4097 913 4144 ments
938 4091 1069 4144 tabeat
1107 4089 1207 4142 Nullus
1234 4089 1308 4154 filius

189 4167 293 4217 sororis
310 4163 435 4233 Philippi
448 4163 503 4218 ΙΙΙ.
522 4163 561 4216 vel
577 4163 700 4232 Philipps
717 4163 767 4216 Ν.
786 4179 879 4230 repam
896 4165 927 4213 in
946 4162 1010 4214 bello
1027 4161 1193 4213 F'lcndrenes'
1209 4162 1308 4213 octaris

189 4241 234 4290 cst.
289 4237 316 4303 3)
337 4235 411 4300 Quod
428 4237 458 4287 in
471 4251 568 4302 pecata
585 4235 660 4304 apud
671 4234 787 4288 Mentem
805 4235 835 4286 in
847 4234 950 4286 Pabula
967 4234 1113 4297 commissa,
1131 4231 1162 4284 dc
1174 4247 1228 4298 quc
1246 4248 1308 4284 mcc·

189 4307 318 4371 refertur,
337 4307 439 4371 fadum
456 4311 500 4360 cst.
568 4305 595 4374 4)
614 4306 697 4374 Aptsd
714 4306 830 4358 Momm
848 4307 878 4358 in
896 4304 1000 4358 Pabula
1024 4320 1050 4358 c.
1071 4305 1148 4359 1304.
1175 4304 1244 4380 play.
1266 4305 1306 4358 18.

188 4379 218 4444 5)
237 4378 326 4430 Guido
343 4393 425 4432 conae
442 4378 561 4446 captivus
580 4378 642 4430 obiit
661 4392 686 4434 a.
701 4378 778 4433 1304.
797 4376 881 4432 Mart.
895 4379 919 4432 t.
937 4375 1068 4442 Philippa
1093 4374 1151 4439 filia
1174 4375 1230 4427 eius
1254 4389 1308 4427 non
