3240 4858
310 355 478 412 caumes
491 355 519 412 S.
530 355 646 412 PETRI
659 354 921 412 manahem
933 355 1023 414 MOD.
1042 357 1079 414 A.
1089 361 1166 416 laos.
1248 362 1300 416 835

182 540 338 605 cionibus
363 539 556 618 differente,
580 540 702 605 intime
725 559 828 623 super
851 540 905 604 his
928 540 1058 620 dolens,
1082 545 1221 606 tantum
1245 563 1299 607 ne·
1311 551 1387 604 1808.

182 629 235 693 fas
266 632 319 694 est
349 648 539 714 aggressus,
563 629 675 712 ipsum
706 649 831 712 regem,
861 633 1024 713 patruum
1054 650 1164 709 suum,
1189 652 1209 695 a
1231 652 1299 715 quo

182 740 203 782 a
230 718 411 783 iuventute
441 719 594 783 nutritus
623 719 750 794 iuerat,
774 718 883 783 nichil
913 717 996 782 mali
1023 719 1066 784 de
1095 720 1170 803 ipso
1194 721 1298 804 suspi-

182 811 328 884 cantem,
352 807 672 872 fraudulentissime
696 807 893 872 occidendo.
942 807 970 873 O
994 828 1109 872 rerum
1132 809 1298 873 instabili-

150 900 236 960 stas
251 896 496 960 humanarum!
521 897 580 979 qui
603 895 818 980 gloriabatur
839 897 877 960 in
892 897 1022 962 virtute
1046 899 1216 962 exercitus
1234 898 1296 975 sui,

182 985 365 1051 nobilitate
381 986 526 1069 generis,
544 985 727 1049 affinitatis
743 984 981 1069 amplitudine,
995 986 1055 1068 qui
1066 986 1195 1051 multos
1210 988 1298 1071 prin·

181 1074 274 1157 cipes
286 1095 349 1139 sua
366 1075 526 1158 potencia
539 1074 747 1152 deficerem,
761 1073 894 1139 nobiles
907 1074 1109 1151 subiecerat,
1126 1079 1235 1140 terras
1251 1077 1298 1140 in·

179 1166 333 1228 traverat
345 1167 381 1228 et
392 1166 588 1228 vastaverat
603 1163 880 1247 perlonginquas,
894 1183 972 1228 ecce
988 1164 1026 1228 in
1037 1167 1182 1248 paterno
1194 1165 1298 1228 domi·

181 1252 249 1328 nio,
273 1253 311 1316 in
330 1252 440 1317 natali
456 1246 550 1318 solob
567 1273 588 1316 a
605 1252 724 1316 fratris
743 1252 814 1316 filio
834 1252 951 1317 dolose
970 1253 1140 1317 occiditur
1159 1254 1298 1318 circum·

146 1364 172 1404 ιο
181 1345 315 1405 ventus.
339 1341 540 1406 Predictus⁰
557 1361 636 1406 vero
649 1341 823 1406 Iohannes
841 1361 919 1405 cum
934 1342 1005 1405 suis
1021 1342 1246 1424 complicibus
1261 1344 1298 1407 in

180 1431 345 1513 quasdam
358 1430 529 1514 proximas
540 1430 754 1495 municiones
766 1450 801 1494 se
813 1430 944 1514 recepit
956 1431 1154 1495 huiusmodi
1170 1432 1298 1497 scelere

180 1522 388 1603 perpetrato.
434 1519 568 1602 Regina
594 1538 675 1583 vero
701 1519 845 1584 relicta²
868 1520 1033 1603 quasdam
1060 1516 1294 1586 municionesss

181 1608 387 1691 complicum
404 1609 477 1672 eius
498 1609 537 1671 in
558 1608 716 1672 taminia
740 1608 880 1673 Austrie
896 1609 989 1692 cepit
1012 1613 1048 1674 et
1071 1629 1188 1674 omnes
1210 1610 1298 1674 inibi

84 1701 300 1781 mancaptos
324 1697 437 1781 capite
463 1696 584 1781 ‘plecti
606 1697 701 1761 fecit.
748 1697 860 1762 Morte
890 1698 1007 1780 itaque
1031 1699 1121 1783 regis
1144 1699 1297 1782 undique

146 1786 310 1861 scandite,
334 1786 587 1851 Ysenacenses⁰
607 1786 672 1850 tali
695 1787 839 1852 nunctio
864 1786 1006 1850 attoniti
1029 1789 1189 1871 omnique
1213 1788 1297 1852 sola·

181 1875 234 1941 cio
251 1874 420 1951 destituti,
445 1874 651 1958 quibusdam
674 1875 848 1940 nobilibus
871 1879 962 1940 terre
986 1876 1229 1953 mediantibus,
1254 1899 1296 1942 ne

181 1965 262 2048 quid
283 1964 417 2029 adversi
440 1967 652 2047 paterentur,
677 1984 713 2028 se
737 1968 773 2028 et
791 1965 968 2029 civitatem
991 1967 1182 2031 marchioni
1205 1965 1297 2030 dedi·

181 2054 338 2129 derunt&
364 2053 437 2118 eius
456 2053 687 2118 iurisdictioni
703 2053 862 2118 ammodo
878 2053 1106 2119 subiacentes.
1141 2056 1426 2126 Marchiomman.

180 2161 262 2226 ergo
286 2141 480 2207 Fridericus
510 2163 647 2207 omnem
670 2142 904 2225 Thuringiam,
929 2146 1056 2207 terram
1084 2143 1298 2210 Orientalem

143 2233 216 2296 acet
239 2231 447 2296 Misnensem
471 2234 506 2296 et
522 2233 687 2314 quasdam
711 2232 869 2296 civitates
891 2233 990 2316 regni
1012 2233 1049 2295 in
1072 2233 1201 2297 eisdem
1224 2253 1297 2317 par·

179 2319 273 2383 tibus
301 2321 394 2398 sitas,
425 2319 559 2385 scilicet
586 2313 824 2404 Aldenbnrg‘,
852 2320 1062 2398 Kemeliczss,
1087 2314 1293 2386 Zvviclrovveh

180 2411 216 2474 et
239 2403 342 2482 alia¹,
366 2409 499 2472 nullam
530 2408 661 2474 habens
690 2410 932 2487 resistentiam,
957 2430 1018 2473 suo
1047 2411 1198 2475 dominio
1222 2410 1296 2474 sub·

179 2497 351 2582 iugavit⁸;
375 2499 516 2582 insuper
540 2498 721 2581 plebiscito
739 2497 889 2562 'indicto
913 2519 1031 2564 omnes
1055 2499 1187 2564 nobiles
1205 2503 1399 2570 terremus,

180 2586 368 2670 Thuringie
392 2608 470 2650 cum
495 2587 695 2652 civitatibus
718 2587 898 2665 advocans,
924 2588 1069 2652 cumeis
1092 2608 1212 2672 pacem
1228 2609 1298 2652 ver-

143 2675 327 2740 ssbotenus
343 2679 395 2740 est
411 2695 601 2760 aggressus,
626 2676 707 2760 quia
728 2677 839 2760 ipsam
858 2677 1054 2742 exactiones
1077 2677 1182 2742 nimie
1205 2677 1298 2741 feda·

178 2767 313 2828 verunt.

287 2847 438 2918 Eodem¹¹
465 2875 555 2918 anno
585 2853 791 2919 venerabilis
822 2854 980 2918 dominus
1011 2854 1134 2919 Petrus
1157 2854 1297 2938 Mogon-

179 2936 291 3006 tinus¹
315 2942 592 3026 archiepiscopus
611 2943 840 3027 Erphordiam
862 2944 959 3007 venit
981 2944 1018 3007 in
1040 2943 1161 3028 vigilia
1182 2943 1296 3008 inven-

180 3031 288 3096 cionis
311 3032 423 3096 sancti
446 3031 624 3116 Stephani,
650 3033 744 3097 etin
768 3035 885 3097 monte
909 3036 1105 3097 sanctorum
1129 3033 1393 3118 apostolo-auae.

143 3141 257 3186 sorum
272 3120 368 3186 Petri
390 3125 426 3185 et
441 3120 542 3184 Pauli
565 3121 660 3186 ultra
682 3121 900 3186 nativitatem
924 3121 1025 3186 beate
1048 3121 1191 3205 virginis
1211 3142 1390 3194 com-sepas.

180 3229 325 3286 morans,
350 3209 525 3293 frequenti
549 3211 741 3275 accessione
763 3214 837 3274 tam
852 3210 1020 3275 nobilium
1044 3231 1147 3294 quam
1171 3210 1297 3274 civium

179 3318 241 3382 pro
265 3298 536 3381 quibuscumque
567 3299 788 3383 expediendis
811 3299 962 3383 negociis
986 3301 1296 3382 frequentasset

180 3386 306 3451 Postea
334 3408 414 3452 vero
445 3388 621 3453 civitatem
652 3387 770 3452 Gotha
798 3389 939 3453 veniens
971 3410 992 3452 a
1027 3388 1181 3470 predicto
1214 3408 1297 3451 mar-

180 3475 304 3540 chione
328 3477 514 3541 honorifice
538 3477 733 3561 suscipitur,
758 3477 831 3560 ipse
861 3477 982 3560 suique
1012 3476 1131 3540 multis
1159 3476 1298 3541 dotibus

143 3565 409 3631 ashonoraturm.
445 3563 546 3644 Quod
561 3566 658 3650 vulgi
681 3586 798 3630 rumor
820 3585 899 3630 eum
922 3585 982 3650 spe
1005 3569 1041 3630 et
1064 3565 1199 3630 ambitu
1215 3566 1298 3632 elec-

179 3809 203 3854 ι)
216 3808 247 3846 sic
261 3809 280 3850 1,
294 3807 320 3850 R.
336 3807 370 3855 Ν,·
389 3808 476 3848 vicerat
489 3809 515 3852 E.
575 3807 599 3860 b)
612 3819 652 3848 suo
666 3808 693 3852 E.
753 3809 774 3858 c)
789 3819 843 3849 varo
857 3807 919 3858 pred.
932 3809 958 3851 Β.
1019 3807 1042 3858 (1)
1055 3809 1086 3848 sic
1100 3810 1118 3851 1.
1133 3809 1164 3855 112,-
1212 3808 1263 3858 mpl,
1291 3839 1298 3851 .

181 3870 240 3904 mun.
254 3861 280 3904 B.
334 3859 355 3912 e)
369 3861 454 3904 luente.
469 3863 495 3905 Ε.
549 3861 611 3914 oatc
626 3863 653 3906 N,
667 3863 714 3905 Bt.
728 3862 750 3905 0.
764 3861 929 3914 E(nldenb23);
944 3861 1064 3912 aldinburg
1077 3862 1129 3914 131;
1142 3861 1266 3914 aldenborg
1293 3893 1298 3903 .

180 3913 204 3964 g)
217 3915 248 3954 vic
262 3916 281 3958 1.
296 3915 323 3959 Ν.
337 3915 368 3964 C,-
382 3915 503 3965 Kempnlcs
517 3916 543 3959 Ε.
584 3915 608 3966 h)
621 3916 652 3955 uie
665 3917 688 3960 0,
702 3915 739 3963 Ν)
753 3915 891 3956 chtckovve
905 3919 931 3966 13
950 3914 1076 3956 Oswicksvv
1091 3915 1116 3959 Ε,
1157 3915 1174 3965 1)
1294 3931 1298 3940 ·

180 3967 247 4007 sliam
261 3967 287 4010 Ε.
327 3967 351 4017 k)
365 3968 417 4008 haec
430 3990 457 3998 —
470 3969 623 4010 murmurabat
632 3981 657 4019 p.
666 3969 713 4018 836,
727 3969 743 4012 1.
753 3971 772 4012 2.
788 3981 830 4010 om.
840 3969 865 4012 lc.
907 3969 922 4020 Ι)
935 3971 995 4012 arch.
1010 3969 1068 4019 Meg.
1083 3970 1109 4012 R.
1149 3968 1180 4021 m)
1251 4000 1257 4012 ,
1292 3998 1297 4008 .

144 4165 209 4230 sol)
237 4163 382 4218 manech.
472 4167 500 4228 2)
524 4165 565 4231 Cf.
587 4167 693 4233 Wepele,
713 4166 864 4218 ‘Friedrich
884 4166 910 4220 d.
929 4165 1069 4232 Frcidipe'
1092 4183 1120 4234 p.
1138 4167 1201 4234 296,
1227 4182 1253 4219 n.
1272 4168 1297 4220 2.

181 4235 209 4302 3)
230 4234 272 4298 Cf.
292 4234 326 4290 ib.
345 4252 376 4302 p.
392 4237 454 4301 297,
479 4253 506 4292 a.
524 4240 550 4292 2.
622 4237 650 4306 4)
668 4237 766 4291 Cana
784 4237 932 4302 fflordice
949 4237 1020 4290 dedit
1038 4237 1107 4305 Sept.
1123 4240 1145 4292 1.
1160 4239 1185 4302 7,
1204 4237 1297 4304 Berser,

182 4305 252 4360 ‘Ua
271 4307 297 4360 d.
316 4306 356 4364 St,
374 4307 493 4371 Erfurt'
513 4308 536 4375 I,
558 4325 589 4378 p.
608 4311 737 4377 asama,
763 4324 808 4360 nr.
826 4311 886 4364 547.
906 4309 966 4364 548.
