3232 4856
333 391 386 445 496
732 386 897 446 CRONIUA
917 386 1051 444 MINOR.

334 569 455 634 Ranae
477 590 546 634 eum
564 569 724 636 audiuisse
739 570 879 636 conicem
895 578 992 652 potes.
1028 571 1140 636 Pauca
1155 591 1194 636 ac
1208 571 1317 636 teneda
1339 577 1449 636 auctor

334 659 372 722 de
394 659 486 722 rebus
508 679 564 723 suo
587 664 721 741 tempore
741 658 837 741 pestis
859 659 995 742 scripsit,
1019 680 1126 724 oerum
1141 680 1174 724 se
1188 659 1324 739 fratrom
1339 659 1446 724 Mina·

334 765 400 811 rem
417 748 560 827 probans
583 768 625 828 eo,
657 749 740 829 quod
755 747 901 829 piurima
924 750 962 813 de
987 747 1192 830 pontificibus
1215 747 1373 814 Rananis
1395 747 1447 812 sui

334 835 480 918 temporis
489 837 510 917 ¹,
536 837 636 918 plura
665 837 702 902 de
731 836 897 901 ordinibus
926 836 1095 902 Minorum
1124 843 1154 902 et
1175 835 1445 918 Praedicatorum,

334 924 371 988 de
393 924 485 989 rebus
506 924 545 989 in
559 924 708 990 Francia
730 931 759 989 et
780 924 818 990 in
836 924 939 990 Italia
961 925 1048 990 etin
1074 925 1177 991 Terra
1200 925 1322 991 Sancta
1341 925 1477 1007 pestis,s

328 1012 528 1094 marsana
561 1014 599 1078 de
631 1015 724 1080 rebus
751 1013 873 1096 patriis
901 1013 1052 1079 retulerit.
1106 1013 1223 1080 Utilior
1250 1013 1318 1078 iam
1346 1020 1392 1078 est
1419 1019 1448 1078 et

333 1123 433 1166 unam
455 1102 555 1167 locum
577 1103 615 1167 de
637 1123 672 1168 re
694 1101 732 1166 in
755 1101 869 1183 patria
889 1109 977 1184 posta
1003 1102 1230 1186 pravissimum
1253 1102 1447 1169 continuatio

327 1189 445 1272 paucis
467 1190 565 1256 annis
580 1197 655 1273 post
676 1190 787 1256 addita
811 1190 956 1256 continet.

440 1278 594 1344 Recensio
623 1279 707 1344 enim
737 1302 767 1345 a.
796 1285 890 1343 1261.
920 1279 1006 1345 edita
1035 1279 1112 1346 libri
1140 1278 1193 1345 sui
1223 1279 1327 1345 tenuis
1356 1286 1447 1361 atque

334 1367 423 1432 aridi
444 1389 543 1449 neque
564 1367 629 1450 ipsi
651 1368 774 1433 auctori
797 1367 935 1450 suffecit,
959 1367 1014 1450 qui
1036 1390 1106 1434 eum
1121 1369 1239 1451 paucis
1261 1367 1359 1433 annis
1375 1374 1448 1449 post
1457 1394 1485 1433 ιο

335 1457 521 1540 ampliatum
553 1464 582 1522 et
610 1456 845 1522 continuatione
875 1463 1153 1522 61261-1266.
1185 1463 1311 1523 auctam
1332 1457 1447 1521 66666

334 1545 442 1611 edidit.
494 1545 593 1611 Unius
626 1544 874 1610 continuationis
900 1567 984 1627 pars
1010 1546 1108 1628 prior
1139 1545 1206 1610 iam
1240 1545 1359 1626 scripta
1392 1552 1445 1626 est,

334 1641 502 1716 antequam
525 1633 626 1700 obitus
648 1633 772 1700 Urbani
787 1635 813 1697 Ι
817 1635 861 1698 V.·
870 1656 978 1717 papae
1000 1657 1031 1700 a.
1051 1640 1145 1699 1264.
1170 1633 1233 1700 Oct.
1252 1640 1282 1698 2.
1306 1633 1447 1713 defuncti

334 1723 540 1805 Erpbordiae
567 1721 779 1803 innotesceret,
810 1723 893 1804 quod
921 1730 1054 1806 apparet
1078 1724 1142 1788 toea
1165 1722 1388 1804 61264616
1409 1723 1447 1787 de

335 1814 411 1877 bebio
433 1811 519 1876 inter
540 1811 624 1876 bunc
640 1832 762 1892 papam
783 1817 814 1875 et
829 1811 1043 1891 Manfredum
1059 1811 1239 1894 principem
1260 1817 1380 1893 pastum
1401 1831 1486 1876 ress

335 1901 460 1980 serens:
490 1901 566 1978 Sed,
598 1899 654 1980 ait,
685 1901 843 1965 dominus
871 1922 961 1986 papa
984 1901 1144 1966 Urbanus
1169 1947 1309 1963 .....
1334 1921 1369 1964 se
1393 1901 1445 1964 de·

335 1991 476 2055 tendere
499 2010 569 2053 non
592 1989 732 2064 sufficit,
755 2008 836 2070 quae
852 1995 927 2070 post
940 1989 1056 2054 obitum
1072 2010 1180 2072 popae
1201 1989 1335 2054 relatum
1350 1987 1447 2054 scribi

335 2099 400 2143 non
415 2083 596 2160 potuerunt.
638 2076 754 2142 Postea
775 2097 847 2141 uero
869 2079 1002 2143 aiteram
1018 2085 1145 2160 partem
1167 2076 1302 2159 addidit,
1325 2077 1363 2141 in
1384 2097 1448 2158 qua

335 2166 420 2232 inter
435 2166 504 2231 atio
521 2186 605 2230 mors
627 2164 752 2232 Urbani
770 2171 799 2230 et
816 2166 921 2231 eiectio
940 2165 1112 2232 Uternentis
1126 2166 1193 2231 IV.
1206 2188 1313 2247 papae
1329 2166 1448 2230 robetae

336 2261 419 2319 snut.
465 2255 563 2320 Hanc
586 2260 695 2320 auctor
723 2259 866 2319 61266.
897 2261 953 2320 661
981 2278 1012 2321 a.
1036 2260 1130 2319 1266.
1160 2254 1288 2320 ineunte
1311 2253 1486 2336 scripsitso

337 2350 505 2426 antequam
534 2343 572 2407 de
594 2341 717 2425 proelio
739 2342 964 2409 Beneuentano
990 2365 1020 2408 a.
1043 2349 1137 2407 1265.
1165 2344 1261 2409 Febr.
1287 2348 1340 2407 26.
1370 2363 1447 2408 com·

335 2432 439 2514 misso,
469 2432 507 2496 in
535 2453 595 2514 quo
618 2431 815 2511 Mansredus
845 2432 964 2498 cccmus
992 2439 1045 2514 est,
1069 2433 1242 2515 66166666
1263 2432 1444 2512 referretur.

337 2523 424 2587 Nam
446 2521 484 2586 in
506 2543 544 2586 ea
567 2519 644 2586 dicit
667 2519 778 2586 betium
799 2518 885 2586 inter
904 2521 1093 2587 Utenrentem
1110 2541 1232 2603 papam
1253 2527 1283 2585 et
1297 2520 1446 2600 Mansre-

335 2613 409 2677 dnm
431 2610 635 2693 inpraoatum
654 2629 719 2674 esse
741 2631 802 2694 pro
821 2611 1027 2696 patrimonio
1051 2631 1076 2675 s.
1093 2611 1197 2689 Petri,
1222 2611 1313 2693 quod
1337 2657 1345 2672 .
1370 2659 1377 2674 .
1403 2654 1410 2671 .
1436 2655 1444 2671 .

334 2701 527 2766 Menfridus
549 2702 674 2764 tenet
691 2699 869 2764 violenter.
906 2701 974 2764 Nec
988 2697 1126 2780 dubium,
1149 2697 1229 2780 quin
1251 2697 1317 2779 ipse
1336 2703 1485 2766 auctos

334 2789 417 2854 banc
439 2787 650 2854 recensionem
673 2809 703 2852 a.
723 2792 817 2851 1265.
840 2787 952 2867 feeerit
968 2793 1061 2869 atque
1078 2786 1220 2867 ediderit,
1243 2793 1279 2851 ut
1299 2786 1336 2853 in
1352 2807 1445 2869 prae·

333 2876 510 2942 cedentibus
532 2875 598 2940 iam
613 2875 827 2957 praesumpsi.
862 2876 948 2941 Eam
970 2875 1055 2942 enim
1069 2874 1273 2958 Erpbordiae
1295 2875 1446 2956 scriptam

334 2986 398 3030 esse
415 2971 505 3047 potet
525 2964 582 3028 sub
605 2985 635 3028 a.
654 2969 749 3044 1262,
772 2964 828 3029 ubi
850 2963 980 3047 qnidam
1001 2965 1107 3044 frater
1128 2962 1253 3029 ordinis
1275 2963 1444 3030 Praedica-

334 3060 436 3118 tornm
463 3050 702 3134 Erpbordensis
734 3052 862 3135 sulpure
893 3053 975 3118 ictus
1007 3073 1073 3119 esse
1103 3051 1229 3118 dicitur.
1275 3053 1380 3134 Atque
1406 3051 1445 3116 in

334 3141 569 3210 continuatione
603 3163 632 3206 a.
665 3145 891 3206 1261-1265.
924 3142 1050 3224 onmem
1077 3141 1179 3225 plura
1212 3143 1250 3206 de
1286 3140 1483 3221 sratribusso

334 3229 615 3298 Praedicatoribus
648 3249 743 3312 quam
777 3232 814 3295 de
845 3230 1032 3296 Minoribus
1064 3231 1219 3313 lepuntur,
1253 3231 1309 3295 sed
1340 3229 1444 3310 frater

333 3319 450 3386 Minor
482 3318 588 3384 euadit
616 3317 684 3383 eins
713 3318 855 3400 scriptor,
890 3318 945 3384 nbi
974 3319 1052 3384 dicit
1081 3314 1127 3398 (a.
1155 3319 1254 3403 1262)
1284 3317 1444 3397 fratribus

333 3407 521 3474 Minoribus
550 3414 579 3472 et
607 3406 887 3474 Praedicatoribus
915 3407 1037 3474 litteras
1070 3431 1092 3474 a
1118 3428 1209 3490 papa
1243 3407 1336 3472 datas
1369 3427 1442 3486 esse,

326 3517 528 3581 praeponens
545 3516 659 3561 66666
673 3495 843 3562 Minornm
860 3496 890 3562 ei
905 3495 1167 3562 Praedicatornm
1177 3497 1198 3558 ².
1228 3495 1332 3578 Atque
1348 3495 1444 3560 etiam

332 3587 370 3653 in
392 3587 452 3652 bac
474 3584 653 3651 recensione
675 3584 787 3650 addito
816 3591 897 3666 sunt,
928 3585 1078 3666 equibus
1103 3584 1287 3667 scriptorem
1308 3584 1481 3664 fratremn

334 3675 458 3741 ordinis
481 3673 650 3739 Minorum
671 3673 773 3753 fuisse
795 3679 928 3756 apparet
936 3675 957 3737 ³.
1004 3675 1084 3738 Tum
1106 3694 1178 3739 vero
1200 3673 1237 3738 in
1259 3673 1319 3738 bac
1341 3692 1443 3737 recen-

333 3763 420 3830 sione
449 3763 585 3844 scriptor
612 3763 711 3827 mutta
741 3762 867 3827 addidit
896 3763 1009 3827 iisdem
1038 3761 1131 3828 libris
1159 3782 1245 3843 unes,
1275 3781 1351 3843 quos
1376 3760 1444 3843 ipse

335 3941 360 4004 1)
381 3939 414 3990 ln
432 3938 482 3988 bac
495 3943 576 4004 parte
593 3944 687 3988 auctor
704 3943 758 3989 tres
776 3938 879 3989 liberas
893 3937 1048 4003 pontificum
1067 3937 1248 3988 Rornanorum
1266 3933 1389 3986 adhibuit
1407 3935 1446 3986 oei

333 4012 431 4072 citauit,
449 4025 482 4078 ea
499 4009 598 4060 decreto
616 4009 764 4060 Innocentis¹
776 4008 794 4059 I
796 4009 824 4062 V.
843 4010 874 4058 in
891 4009 999 4060 concilm
1011 4007 1184 4074 lnrpduneusi
1196 4007 1372 4074 prmnnlpati,
1391 4021 1444 4072 quo

329 4097 406 4150 papa
413 4079 580 4132 Fridericum
588 4080 628 4134 II.
636 4081 819 4146 imperatorem
830 4081 942 4147 imperio
952 4085 974 4130 et
982 4095 1064 4146 repno
1070 4080 1196 4146 deposuit,
1204 4077 1286 4129 buius
1293 4078 1444 4129 ealrrmnias
1453 4091 1482 4129 eo

333 4153 480 4219 exscripsit.
552 4152 579 4218 2)
598 4151 698 4204 Frater
709 4151 814 4202 ordinis
824 4151 1044 4202 Praedicatorum
1055 4150 1179 4202 Sueoieus
1196 4150 1327 4200 nimirum
1345 4150 1374 4198 in
1391 4163 1444 4198 sua

333 4225 478 4274 recensione
495 4224 606 4272 nomina
624 4223 796 4289 transposuit.
868 4221 897 4290 6)
915 4221 971 4273 Sub
991 4237 1017 4273 a.
1037 4222 1114 4276 1212.
1137 4221 1169 4272 de
1187 4220 1280 4272 ordine
1303 4235 1324 4272 s.
1345 4219 1444 4270 Clarae

333 4309 351 4342 a
369 4309 389 4346 s.
408 4293 552 4343 Francisco
570 4294 698 4354 instituite,
717 4293 748 4343 de
765 4291 902 4355 fratribus
918 4291 1071 4344 Minoribus
1091 4294 1122 4343 in
1141 4289 1295 4343 Marroobio
1312 4291 1444 4354 martyri·

332 4365 410 4426 wtis,
429 4363 478 4413 sub
494 4363 612 4416 a1254.
631 4363 662 4412 de
679 4361 750 4414 obitu
767 4379 789 4413 s.
803 4361 909 4416 Clarae.
