3222 4850
322 339 375 393 276
412 335 579 392 ORONIGA
591 335 619 392 S.
629 335 744 392 PETRI
755 333 1017 392 ERFORDENSIS
1029 335 1120 393 MOD.
1139 337 1174 392 A.
1186 338 1263 392 1275.
1275 339 1351 393 1276.

322 520 377 584 illi
406 521 605 603 ignorantes
636 519 679 584 de
707 539 822 583 marca
851 519 927 584 auri
954 520 1248 604 permutacionem
1281 519 1444 584 iecerunt

324 609 366 674 de
390 608 549 692 pastillis.
594 607 690 672 Tunc
715 628 814 672 cecus
837 607 998 673 laudator
1020 609 1092 674 veri
1112 608 1180 674 Dei
1203 608 1443 692 superaddidit

322 718 431 762 unum
447 698 624 762 denarium
641 696 868 762 Parisiensem
892 697 993 763 alteri
1016 717 1096 763 ceco
1119 718 1181 780 pro
1205 717 1266 760 suo
1289 697 1439 780 pastillo,

322 787 442 869 inquo
464 784 599 850 reclusa
622 785 693 850 fuit
708 805 823 851 marca
839 788 924 860 auri,
949 789 985 851 et
1008 787 1066 864 sio,
1091 785 1250 852 omuibus
1265 804 1344 849 cum
1359 806 1442 868 rege

323 875 534 948 mirantibus
569 894 669 939 cecus
692 873 823 939 Christi
853 875 1015 940 laudator
1043 874 1215 959 prevaluit
1244 874 1342 937 iuxta
1371 895 1477 938 ver-s

323 962 404 1027 bum
434 963 540 1046 regis;
572 962 661 1027 alter
690 984 770 1028 vero
801 984 910 1041 cecus,
941 963 1100 1028 venditor
1129 983 1252 1038 marce,
1276 961 1441 1028 lamenta-

322 1052 426 1116 batur
449 1055 485 1116 et
508 1051 614 1116 nimio
638 1050 766 1129 dolore,
798 1056 980 1136 postquam
1010 1053 1171 1136 cognovit
1199 1072 1272 1115 rem
1295 1055 1439 1135 gestam,

320 1141 529 1225 plurimum*
557 1161 592 1206 se
620 1140 756 1204 afflixit.

234 1241 310 1295 1276.
429 1223 565 1294 *Annol‘
594 1229 735 1293 Domini
758 1227 1015 1294 MCOLXXVI.
1063 1227 1249 1313 Gregorius
1272 1249 1362 1313 papa
1386 1230 1554 1294 ‹le-nac.

202 1345 311 1396 narro).
322 1318 430 1382 cimus
454 1318 600 1382 obiitin
615 1319 739 1382 Arecio
763 1321 841 1402 post
863 1318 993 1382 festum
1013 1317 1207 1402 epiphanie.
1242 1317 1336 1382 Huic
1351 1339 1480 1402 paparo

322 1407 563 1491 propinatum⁰
594 1406 665 1470 fuit
694 1427 874 1484 venenum,
906 1428 967 1491 per
996 1407 1088 1489 quod
1118 1409 1153 1471 et
1183 1411 1339 1472 mortuus
1369 1411 1439 1482 est;

321 1496 365 1560 ad
389 1489 484 1560 eius*l
504 1495 724 1581 sepulchrum
747 1497 784 1560 in
799 1497 923 1560 Arecio
939 1495 1050 1559 multa
1073 1494 1239 1560 miracula
1263 1498 1298 1560 et
1313 1515 1441 1579 magna

320 1584 510 1649 Dominus⁶
545 1589 717 1669 operatur.
834 1577 937 1668 Ipsof
964 1605 1055 1648 anno
1090 1584 1317 1648 Innocencius
1350 1605 1440 1668 papa

190 1667 257 1764 {2222
265 1667 310 1769 {g
320 1674 462 1757 quintus
478 1673 673 1751 ordinatur;
698 1673 810 1738 senice
828 1672 1001 1737 mensibus
1022 1694 1089 1746 sex,
1114 1665 1170 1737 eth
1190 1693 1321 1738 veneno
1336 1673 1439 1737 inter·

320 1761 433 1826 fectus
468 1765 531 1826 est.
577 1761 645 1826 Hic
677 1761 866 1826 vocabatur
898 1761 1020 1826 Petrus
1055 1766 1091 1825 et
1125 1755 1337 1845 assumptus¹
1368 1761 1477 1825 iuitrs

321 1845 383 1916 ex¹¹
410 1851 529 1915 ordine
552 1850 812 1915 Predicatorum
838 1851 875 1913 in
899 1850 1108 1915 cardinalem
1119 1850 1140 1924 ¹,
1164 1853 1284 1934 postea
1307 1849 1438 1915 electus

319 1940 356 2002 in
380 1960 514 2022 papam.
561 1938 629 2002 Hic
653 1932 758 2022 papai
789 1939 988 2023 frequenter
1018 1942 1054 2003 et
1079 1939 1307 2023 personaliter
1329 1939 1440 2022 predi·

321 2027 412 2092 cavit
447 2048 581 2092 crucem
620 2031 741 2092 contra
775 2027 979 2092 Sarracenos
1013 2028 1050 2091 in
1088 2026 1279 2092 subsidium
1316 2027 1547 2093 ‘Terrenus

321 2115 456 2181 Sancte.
558 2116 630 2180 Iste
653 2137 744 2200 papa
767 2117 1075 2181 excommunicarit
1097 2116 1297 2182 solemniter
1320 2137 1439 2181 omnes

319 2209 580 2289 presumptuose
610 2206 823 2288 possidentes
852 2199 1026 2269 redditusl
1057 2209 1093 2270 et
1123 2205 1352 2290 possessiones
1378 2205 1476 2268 ἰιιι-ιο

320 2294 407 2378 perii
430 2295 577 2358 Romani
606 2293 715 2358 invito
738 2293 890 2358 Rudolfo
920 2314 1000 2377 rege
1029 2295 1259 2358 Romanorum
1273 2295 1293 2368 ²,
1318 2295 1436 2358 siout¹¹²

320 2381 500 2448 Odoackar
528 2403 587 2447 rex
611 2383 771 2448 Boemie¹²
797 2403 861 2447 nec
890 2403 966 2466 non,
991 2385 1026 2446 et
1056 2382 1206 2447 Karolus
1235 2403 1295 2448 rex
1319 2382 1437 2448 Sicilie

319 2472 446 2536 iniuste
469 2471 681 2536 municiones
705 2475 760 2536 et⁰
788 2471 976 2554 dignitates
1000 2491 1039 2535 ac
1061 2474 1170 2536 terras
1193 2471 1329 2556 imperii
1353 2473 1438 2535 mul·

319 2565 372 2624 tas
395 2564 526 2636 tenent,
551 2564 586 2625 et
610 2560 670 2624 alii
693 2581 793 2643 quam
819 2560 934 2644 plures
958 2560 1125 2624 similiter.
1164 2560 1254 2623 Nam
1278 2559 1438 2624 Clemens

320 2670 408 2733 papa
432 2649 522 2712 IIII.
545 2649 613 2713 iam
639 2649 771 2733 pridem
795 2648 893 2712 dedit
914 2649 980 2732 ipsi
1003 2648 1154 2712 Karolol’
1177 2667 1321 2731 reguum
1345 2650 1479 2733 Apu-as

318 2737 364 2802 lie
388 2741 423 2802 et
446 2737 531 2802 iecit
554 2757 632 2802 eum
655 2738 820 2802 vicanum
844 2740 881 2802 et
903 2737 1072 2821 presidem
1096 2737 1263 2801 Romanitl
1290 2739 1435 2822 imperii,

319 2831 355 2890 et
392 2827 484 2909 quod
522 2827 656 2889 iuratus
691 2826 822 2890 deleret
856 2826 1062 2909 dignitatem
1098 2826 1306 2890 senatoriam
1340 2827 1437 2892 urbis

317 2915 441 2991 Rome;
473 2917 613 2998 propter
640 2914 704 2978 boc
735 2915 905 2978 discordia
935 2918 971 2978 et
1001 2913 1092 2978 bella
1122 2917 1225 2997 atque
1249 2915 1438 2980 homicidia

317 3003 466 3088 plurima
496 3006 577 3066 sunt
604 3005 757 3066 secuta‘.
866 3002 995 3066 Eodem
1020 2995 1145 3066 eciam¹
1176 3024 1267 3066 anno
1292 3024 1351 3068 rex
1375 3003 1436 3068 Ca·

317 3091 417 3157 stelle
441 3094 477 3156 et
498 3111 558 3156 rex
582 3091 724 3156 lbaucie
748 3089 927 3154 bellabant
950 3091 1140 3156 adinvicem
1166 3112 1227 3175 pro
1250 3113 1356 3176 regno
1376 3094 1479 3156 Arno

316 3180 487 3264 rogouie³,
520 3180 579 3244 sed
610 3180 778 3244 exercitus
807 3180 898 3262 regis
929 3179 1072 3244 Francis
1101 3180 1213 3244 victus
1243 3179 1280 3243 in
1314 3180 1435 3265 fugam

314 3355 337 3400 a)
352 3353 396 3392 allo
410 3357 533 3392 ratrammo
546 3363 653 3400 euperem,
663 3355 680 3392 l.
722 3350 745 3400 b)
759 3351 808 3390 huic
822 3352 867 3390 Ioco
882 3351 904 3388 lu
918 3351 939 3390 Ε
951 3352 1018 3391 misto
1027 3361 1127 3400 praescr,
1141 3351 1247 3400 Sequitur
1260 3352 1288 3391 do
1303 3353 1364 3393 obitu
1379 3353 1437 3393 Gre-

315 3408 371 3456 gorll
386 3418 452 3456 pape.
530 3408 550 3454 c)
570 3407 601 3444 alc
614 3405 639 3446 Ε.
654 3405 679 3446 Β.
694 3405 768 3447 LIII.
783 3405 815 3452 N,·
837 3404 912 3444 datum
928 3408 946 3447 1.
1023 3404 1045 3452 d)
1065 3406 1096 3444 etc
1111 3406 1129 3448 l.
1143 3406 1178 3452 R,·
1198 3405 1261 3446 cutus
1275 3406 1302 3445 B.
1317 3406 1394 3450 LIII.
1409 3407 1436 3450 Ν.

315 3460 336 3507 e)
350 3460 431 3499 ibidem
446 3460 496 3502 add.
510 3459 537 3498 Ε.
605 3457 721 3506 ι’)Εοᾱιιιιι
736 3459 761 3500 Ε.
821 3459 843 3506 g)
858 3469 899 3500 om.
913 3458 939 3508 E,
955 3458 991 3496 utI
1004 3469 1043 3497 aex
1057 3469 1138 3506 mcus.;
1160 3459 1263 3507 redltqus
1278 3459 1304 3502 R.
1367 3461 1390 3508 b)
1404 3461 1436 3499 sir

314 3513 341 3553 Ε.
356 3515 383 3552 Β.
399 3513 479 3560 LIII,·
494 3523 536 3554 om.
550 3514 569 3554 1.
609 3511 626 3559 l)
640 3521 682 3552 om.
696 3511 721 3554 Ε,
762 3508 786 3558 k)
800 3511 830 3549 sic
844 3509 870 3552 Ε.
883 3511 911 3550 II.
926 3511 1006 3558 LIII,·
1020 3507 1049 3550 ds
1064 3514 1082 3553 1.
1130 3511 1146 3560 l)
1160 3511 1245 3551 reditus
1258 3511 1284 3553 Ε.
1325 3513 1356 3562 ιιι)
1369 3513 1478 3554 reseras

314 3565 357 3606 odo
373 3568 431 3615 add„
445 3567 482 3604 aad
495 3567 537 3608 dcl.
554 3568 578 3615 ²3
599 3561 640 3604 aad
654 3564 679 3606 Ε.
733 3565 756 3612 ιι)
770 3563 875 3602 Bobsmle
888 3563 913 3606 Ε.
967 3569 989 3610 ο)
1002 3565 1033 3602 alc
1047 3566 1065 3606 1.
1080 3563 1112 3611 6,·
1133 3575 1175 3603 om.
1190 3565 1217 3608 B.
1271 3565 1295 3614 p)
1309 3565 1394 3606 Knrnlo
1409 3567 1435 3609 Ε,

314 3626 337 3669 q)
350 3620 382 3659 alc
395 3619 420 3662 Ε.
434 3620 469 3668 125
484 3619 535 3669 lurp.
550 3619 613 3662 Rom.
627 3622 647 3657 1.
702 3619 722 3664 r)
735 3619 766 3656 σία
780 3619 798 3658 1.
812 3617 845 3664 3,·
859 3617 978 3656 subsecuta
992 3617 1017 3660 Ε.

315 3744 341 3808 1)
359 3742 500 3794 Osticrwem
517 3745 682 3809 apocopum
706 3740 742 3805 cf.
760 3755 847 3806 supra
870 3755 897 3806 p.
916 3741 978 3806 266,
1003 3756 1034 3790 ιι.
1048 3742 1075 3794 4.
1146 3741 1175 3806 2)
1191 3741 1334 3808 Numquam
1356 3744 1435 3809 puid-

313 3829 394 3880 qucm
420 3813 550 3864 οιίιειιιοιίί
573 3813 705 3863 nuditum
729 3817 774 3864 eat.
810 3811 850 3862 De
877 3811 1007 3876 Grspcrr'o
1024 3810 1060 3865 X.
1085 3810 1148 3862 aaa
1170 3812 1340 3878 aliquantulo
1365 3816 1433 3878 Iure,

313 3899 367 3934 non
385 3888 451 3934 recte
468 3883 580 3948 purtim,
599 3883 655 3933 dici
667 3884 822 3949 ροιιιὼισιιί.
888 3882 916 3944 3)
932 3881 1026 3934 Potius
1040 3897 1094 3946 pro
1111 3897 1193 3946 regno
1205 3883 1361 3936 Nasam-tae
1378 3885 1432 3936 dia·
1443 3901 1473 3939 ιο

312 3954 432 4005 cordiam
458 3954 576 4004 inierunt
595 3953 725 4016 Alfonaua
742 3951 778 4005 X.
804 3957 828 4003 a
846 3951 989 4019 Pasippus
1006 3951 1061 4015 III,
1086 3959 1110 4003 et
1130 3955 1195 4019 quia
1213 3953 1259 4005 ille
1276 3953 1346 4018 filios
1364 3955 1434 4007 Fer·

312 4023 397 4074 randi
413 4023 468 4087 filii
484 4023 529 4073 aas·
545 4023 666 4085 defuncti
681 4029 704 4074 ct
717 4023 832 4073 ancce
849 4024 953 4072 sororis
964 4021 1088 4090 Philippi
1103 4025 1262 4075 momiano
1279 4027 1359 4092 regni
1369 4029 1434 4093 pri·

312 4096 390 4156 ruat,
409 4092 453 4144 aad
471 4091 567 4143 bellum
585 4094 655 4144 inter
673 4109 715 4144 eos
732 4093 785 4144 non
802 4094 967 4143 commr'ssum
986 4097 1029 4145 cst.
1057 4093 1199 4145 Exercitus
1211 4093 1384 4148 Francorum
1403 4099 1432 4148 Ia

313 4165 454 4214 Noram-io
472 4162 660 4227 Pompclcnum
678 4169 771 4214 amaru
789 4164 861 4228 specs
873 4163 1057 4214 Navarrenses
1074 4167 1242 4230 capuanam.
1280 4167 1432 4234 Antequam

312 4233 457 4300 Philippus
465 4248 515 4284 rar
524 4239 615 4284 arma
624 4233 687 4284 hallo
695 4248 807 4298 rspnum
815 4233 953 4284 Castellim
965 4233 1107 4296 tamdem,
1117 4249 1202 4288 mmor
1210 4236 1277 4290 Nor.
1284 4255 1346 4305 parc
1355 4239 1431 4302 facta
1442 4255 1474 4294 ae

310 4310 355 4356 est.
384 4305 426 4366 Of.
440 4303 487 4356 Cb.
496 4303 542 4354 -V.
556 4301 693 4368 Loryma,
708 4303 753 4354 ‘Le
765 4301 844 4368 rdync
855 4302 887 4354 dc
898 4301 1022 4368 Plrihppe
1032 4303 1086 4355 ΙΙΙ.
1103 4305 1126 4354 la
1138 4305 1243 4358 Hardi'
1254 4325 1281 4376 p.
1292 4311 1431 4367 96-108,
