3186 4844
288 361 455 418 OBONIGA
473 362 501 418 S.
515 361 632 418 PETRI
650 359 912 416 ERFORDENSIS
930 359 1127 422 MODERNA.
1212 364 1264 420 135

146 546 258 627 poenit.
294 545 405 610 Multa
427 567 525 611 mann
540 543 631 610 Petri
645 543 760 610 Albini
782 545 878 608 rnbro
894 550 1070 609 atramento
1091 542 1264 608 aliormnve

150 633 356 700 recentiorum
377 634 527 700 omnibns
548 633 709 715 adnotata,
727 653 836 714 panea
858 639 997 698 correcta
1019 633 1066 696 nel
1086 631 1194 714 potins
1216 632 1264 697 de-

146 730 285 804 pravata
299 729 383 803 eernt,
406 743 487 804 qnae
509 743 579 788 enm
594 721 715 786 nulline
736 719 883 786 momenti
898 719 972 802 sint,
996 723 1150 786 adnotare
1164 719 1262 786 nolni.

150 812 285 876 Modum
318 813 483 878 verborum
516 809 752 876 scribendorum
784 809 880 874 bnins
912 809 1037 890 codicis,
1068 811 1200 874 mndem
1227 809 1265 874 in

117 900 342 980 enniverntm,
376 921 436 982 qno
469 899 576 965 scriba
608 899 646 964 in
679 898 864 964 Annalibus
892 896 1058 980 Lamperti
1085 919 1162 964 nene
1191 898 1263 979 est¹,

149 989 262 1071 nbiqne
290 989 359 1069 fere
388 995 509 1054 semine
537 1009 615 1069 enen,
646 986 790 1069 qnamm'e
806 1007 997 1068 persnnsmn
1018 985 1098 1050 mibi
1119 986 1265 1052 baberent

149 1085 292 1143 enotares
330 1078 485 1142 nonnulla
521 1079 617 1142 cerba
650 1075 715 1141 alio
749 1075 837 1140 orado
871 1075 1043 1156 scribsisse,
1073 1074 1265 1156 praesertim

68 1165 259 1232 imrartne
283 1167 314 1232 ei
332 1187 395 1248 pro
411 1167 458 1232 ‘ti
475 1164 647 1248 nostrised,
671 1165 754 1246 qnod
775 1163 881 1230 scriba
902 1163 970 1243 fere
992 1163 1106 1245 nbiqne
1127 1162 1262 1246 scripsit.

149 1256 198 1320 Ab
221 1277 252 1320 a.
275 1260 370 1319 1290.
393 1275 486 1336 saepe
502 1261 576 1336 post
591 1253 772 1336 particulas
786 1251 923 1335 scm'ptae
936 1251 1035 1318 nnins
1056 1253 1103 1317 vel
1119 1251 1265 1333 plnrinm

25 1375 27 1406 r
115 1343 309 1410 nlinearnm
323 1341 462 1426 spatium
475 1363 609 1408 eacnnm
631 1341 768 1423 reliquit,
791 1342 874 1423 qnod
893 1341 931 1406 in
954 1340 1057 1408 codiee
1072 1341 1265 1423 antoqrapbo

25 1481 26 1496 .
148 1431 276 1496 Montis
299 1432 332 1498 S.
350 1431 440 1497 Petri
461 1431 530 1497 iam
551 1432 672 1512 factam
694 1451 759 1495 esse
773 1430 871 1510 facile
891 1429 1088 1511 crediderim,
1112 1450 1163 1494 eos
1184 1428 1265 1496 nide-

25 1573 26 1600 ,
147 1521 227 1601 licet,
252 1521 310 1602 qni
327 1527 439 1602 portes
460 1527 619 1602 sequentes
642 1517 716 1583 bnio
730 1518 830 1584 codici
847 1519 1009 1600 paulatim
1023 1517 1263 1601 inscripserunt,

25 1669 26 1692 ,
148 1609 255 1674 multis
278 1609 355 1674 locis
370 1609 476 1692 spatia
491 1607 640 1689 soliorum
662 1628 764 1673 vaona
786 1606 959 1689 reliquisse,
983 1614 1019 1671 nt
1039 1607 1108 1673 alia
1130 1609 1170 1674 ab
1185 1607 1266 1689 ipsis

25 1695 26 1772 ἶ
147 1699 194 1764 ael
223 1699 265 1764 ab
296 1696 373 1763 aliis
401 1697 540 1779 snppnri
563 1703 700 1778 possent.
747 1695 893 1762 Annales
916 1696 949 1761 S.
967 1695 1058 1761 Petri
1080 1696 1216 1762 maiores
1238 1703 1267 1762 et

25 1781 27 1860 ἶ
114 1815 139 1854 n
152 1785 292 1852 Gramma
317 1787 349 1852 S.
367 1786 457 1852 Petri
479 1806 518 1851 en
539 1786 596 1850 boc
618 1784 720 1850 codice
743 1786 825 1850 mole
846 1783 995 1866 desernmi
1017 1793 1091 1851 snnt
1111 1785 1149 1851 in

259 1873 314 1954 1⁸)
351 1875 455 1940 codiee
483 1873 685 1940 bibliothecae
714 1873 822 1956 reqiae
850 1873 1104 1940 Dresdeneis
1140 1873 1265 1956 eiqnato

151 1965 271 2045 0132,
296 1964 395 2030 ebant.
419 1963 485 2044 fol,
510 1983 589 2028 saec.
609 1961 877 2027 XVI-XVII.
921 1963 1010 2045 erod
1032 1984 1101 2028 enm
1122 1962 1170 2027 ita
1192 1962 1264 2044 eit⁸,

25 2063 27 2122 l
147 2053 235 2118 nrrllo
269 2054 335 2117 loco
368 2052 533 2118 lectionnm
562 2051 630 2116 eine
659 2050 846 2116 mentionem
874 2051 945 2132 feei.
992 2052 1047 2116 En
1076 2073 1135 2132 qno
1163 2051 1266 2118 codiee

152 2141 326 2207 Orontem
347 2143 532 2206 modernam
554 2161 624 2206 enm
645 2138 810 2204 nonnullis
831 2139 907 2204 lacis
921 2140 1102 2205 Annalimn
1127 2140 1158 2206 S.
1177 2139 1266 2205 Petri

114 2230 308 2295 nmniornm
330 2230 379 2294 Io.
403 2228 445 2294 B.
470 2227 690 2310 Mencbenins,
723 2228 781 2294 SS.
806 2249 913 2294 rermn
940 2229 1090 2294 (immam.
1118 2225 1266 2310 (Lipsiae

150 2320 252 2402 1730)
278 2318 353 2399 ΙΙΙ,
378 2319 432 2383 eol.
450 2322 640 2381 201—344.
665 2316 791 2382 eatam.
1322 2389 1329 2398 Ι

257 2407 335 2471 Non
356 2428 396 2472 en
418 2409 522 2472 eodem
544 2405 634 2486 libro,
659 2405 749 2472 enine
771 2407 931 2487 exemplar
953 2413 1000 2471 est
1015 2413 1043 2487 1,
1067 2407 1122 2472 sed
1142 2426 1182 2471 en
1201 2406 1266 2472 alio

147 2495 216 2562 eins
246 2494 419 2576 simillimo,
449 2496 562 2576 fratre,
592 2501 628 2558 nt
654 2494 788 2575 cidetnr,
815 2493 961 2576 einedem,
985 2516 1024 2561 en
1045 2516 1105 2576 qno
1128 2496 1223 2560 codex
1248 2499 1264 2559 1

143 2585 307 2665 profectus
329 2591 383 2665 est,
406 2583 582 2665 descriptas
604 2590 649 2648 est
671 2583 757 2648 cirea
780 2605 809 2647 a.
831 2589 925 2647 1500.

115 2697 139 2735 n
259 2671 303 2754 Γ)
327 2675 422 2738 cedere
445 2671 645 2738 bibliothecae
666 2671 885 2737 universitatis
913 2671 1267 2755 Wireibnrqensis

153 2761 268 2827 Obart.
293 2761 351 2841 fol.
371 2767 442 2842 129,
466 2760 521 2844 qni
540 2759 614 2824 olim
636 2759 702 2840 snit
722 2760 907 2826 nmnasterii
926 2761 959 2826 S.
977 2761 1088 2826 Iacobi
1105 2763 1266 2827 Scotornm

154 2849 438 2933 Wireibnrqensis.
479 2850 544 2914 Sed
561 2855 632 2930 poet
654 2847 819 2930 Lamperti
841 2849 987 2916 Annales
1009 2857 1038 2915 et
1061 2849 1265 2915 continuatio-

147 2961 219 3006 nem
242 2959 352 3004 eornm
375 2961 404 3004 a.
425 2943 658 3003 1078-1181.
684 2939 764 3003 alter
779 2937 893 3018 sariba,
911 2937 1023 3020 priore
1037 2939 1144 3004 minns
1166 2939 1265 3004 eurio-

25 3015 26 3044 *
147 3049 210 3108 ens,
242 3028 298 3109 qni
327 3025 578 3112 mols-131&
610 3025 764 3107 exaravit,
796 3026 927 3092 initiam
956 3034 1078 3092 tantam
1113 3026 1266 3093 Oroniene

116 3117 182 3182 nS.
201 3116 303 3197 Petri,
326 3115 469 3181 eidelicet
491 3115 515 3195 s.
536 3114 739 3180 lest-130¹.
772 3115 955 3181 Inclienlnm
974 3117 1122 3182 ordinnm
1145 3115 1266 3199 reliqio
1360 3189 1363 3192 ,

149 3363 264 3412 rnr'nr'nm
296 3377 351 3414 non
376 3360 526 3414 adhibitum
550 3365 593 3414 eet.
618 3389 649 3399 -
675 3359 769 3413 Scriba
794 3361 875 3412 bnins
900 3362 993 3414 codicis
1018 3378 1210 3429 nonnunquam
1237 3365 1266 3414 in

25 3475 26 3488 ,
149 3433 214 3484 aliis
231 3432 356 3499 operibns
374 3433 487 3484 eiusdem
505 3432 552 3496 (es.
572 3431 712 3499 Lamperti
729 3447 809 3500 opero
827 3450 856 3499 p.
870 3434 930 3495 140,
948 3451 975 3487 n,
990 3431 1029 3498 d),
1047 3449 1123 3500 saepe
1141 3437 1170 3486 in
1188 3435 1265 3488 Gran.

150 3505 277 3556 nraderno
297 3510 361 3570 poet
380 3503 531 3571 pen-tianius
556 3503 702 3570 deser-eptas
726 3505 899 3556 invocationes
918 3505 946 3559 S.
963 3503 1071 3556 Mariae
1089 3511 1112 3556 et
1130 3506 1156 3560 S.
1170 3505 1265 3557 Hiero-

149 3577 225 3640 nymi
242 3576 365 3629 inseruit.
440 3576 466 3642 1)
483 3575 547 3625 Vide
565 3573 705 3642 lamperti
722 3589 803 3642 opero
816 3591 846 3642 p.
862 3583 912 3639 LX,
931 3592 975 3638 n.,·
1000 3575 1043 3630 (Ν.
1056 3576 1171 3628 Arobie'
1183 3576 1264 3642 XIX,
1285 3603 1287 3618 ι

119 3653 142 3692 ³⁶
147 3663 174 3712 p.
189 3647 249 3701 161.
287 3646 321 3697 Si
344 3661 398 3712 qna
423 3661 494 3698 more
513 3661 637 3712 perverso
660 3661 726 3700 saec.
739 3645 817 3699 XVI.
837 3648 952 3698 ineuntis
977 3649 1078 3714 scriptq
1095 3653 1181 3713 erant,
1200 3663 1267 3715 qnae

149 3732 216 3768 cano
234 3717 334 3768 editori
350 3717 481 3768 mutanda
499 3722 570 3780 erent,
590 3717 720 3770 loannem
738 3717 832 3768 eodior's
847 3718 979 3772 adnotavi.
1011 3719 1104 3771 Moneo
1122 3726 1209 3772 antem
1227 3735 1267 3772 me

151 3804 168 3836 n
191 3789 196 3801 '
264 3787 371 3840 kaiam
382 3788 476 3840 mann
493 3803 547 3839 non
559 3787 687 3840 adnotata
705 3795 819 3840 mutasse
832 3787 963 3854 costodes,
983 3788 1125 3857 costodire,
1145 3789 1267 3843 costodia

150 3865 172 3909 et
229 3857 304 3924 'tun
324 3855 460 3925 Oristieni,
478 3856 656 3926 cristianitas,
674 3875 740 3926 qnae
757 3859 845 3911 scr-iba
863 3861 945 3911 tinius
970 3861 1065 3913 codicis
1089 3863 1118 3912 in
1144 3861 1264 3914 mnntbns

151 3931 273 3996 operibtrs
292 3930 326 3981 ab
344 3931 401 3997 ipro
419 3931 526 3996 seriptis
544 3945 604 3982 sno
624 3945 748 3996 perverso
765 3946 837 3982 more
861 3931 977 3986 indnmt.
1059 3934 1087 3999 2)
1105 3933 1266 3984 Praesertim

122 4001 254 4064 losannae
265 4005 295 4051 nt
306 3999 414 4068 nupeie,
427 3999 588 4068 mampsis,
601 3998 730 4068 direpeio,
742 4004 822 4052 etiam
834 4001 948 4068 nunetii,
960 4001 1111 4068 nunetinre,
1122 4006 1267 4084 posteriore

152 4077 234 4124 aetate
252 4071 357 4123 dnnnm
375 4073 490 4124 uetmtae
507 4078 579 4136 erent,
605 4077 629 4124 et
647 4087 690 4141 gw
710 4087 764 4140 pro
782 4089 828 4140 gu,
847 4077 876 4122 nt
895 4071 1001 4143 lingna,
1027 4089 1152 4142 sengwn,
1173 4081 1267 4140 postea

152 4141 255 4194 donum
272 4145 409 4210 etrt'qrtnm.
483 4144 510 4208 Β)
531 4141 606 4206 Quod
623 4149 646 4195 et
665 4145 720 4208 ipse
737 4143 820 4196 mane
838 4147 990 4196 examinato
1010 4146 1067 4197 eine
1085 4146 1144 4197 nlla
1162 4145 1266 4198 dubita·

153 4215 219 4265 tione
236 4219 357 4265 constare
376 4213 502 4267 terrebat.
558 4215 586 4281 4)
607 4213 692 4276 Quam
711 4215 848 4281 inecm'per't
867 4213 1021 4268 Chronieon
1040 4213 1067 4270 S.
1081 4213 1165 4284 Petri,
1183 4217 1266 4286 vulgo

154 4279 367 4352 &mpetu-inum,
385 4281 554 4339 Erfurtense.
