3200 4844
326 345 506 402 ANNALES
525 348 553 406 S.
567 348 684 404 PETRI
702 347 1078 404 ERPHSSFURTENSES
1097 348 1269 419 ANTIQUI.
1341 355 1357 406 7

346 522 459 578 ΜΙιΠΙ.
489 525 548 579 Leo
566 542 639 594 papa
656 524 797 594 profectus
815 529 911 578 contra
928 524 1123 594 Nortmannos,
1149 531 1275 580 conserto
1294 539 1446 588 cumcuma,

239 594 278 648 eis
302 611 389 664 prope
413 593 607 678 Beneventum
629 595 735 678 prelio,¹
751 600 780 650 et
804 595 972 666 fugientibus
991 595 1188 666 Longobardis,
1214 597 1357 652 Teutonici

238 682 334 719 omnes
346 665 476 791 ffl
495 667 860 806 uffldnnldlntufffeedpasQI.
875 737 939 793 Kal.
958 735 1018 790 Mai
1035 739 1116 792 beato
1135 737 1190 792 fine
1209 739 1312 807 quievit
1329 740 1357 792 in

212 807 365 864 eDomiuo,
401 805 581 875 imperatoris
599 808 670 861 filius
718 809 836 863 einricus
854 812 1028 862 consecratus
1046 813 1087 863 est
1105 809 1133 861 in
1152 826 1246 878 regem
1259 809 1357 878 Aquis-

237 879 318 947 grani
337 878 372 930 ab
391 877 543 932 Herimano
562 878 766 948 archiepiscopo
786 878 974 934 Coloniensi&

346 947 439 1004 MLV.
470 949 617 1004 Heinricns
635 949 784 1018 imperator
801 951 922 1018 perrexit
941 950 969 1002 in
982 947 1091 1003 Italiam
1110 955 1145 1004 et
1164 967 1235 1004 anno
1251 951 1358 1022 integro

238 1018 372 1073 ibidem
392 1025 575 1074 commoratus
594 1025 656 1076 est.

346 1087 454 1146 ΜΙΝΙ.
494 1091 652 1160 Imperator
678 1092 797 1146 natalem
826 1088 994 1144 Dominib
1020 1091 1181 1145 Goslariae0
1210 1093 1359 1146 celebravit

201 1180 228 1218 ιο
238 1161 332 1228 ibique
346 1161 487 1214 Victorem
505 1179 606 1231 papam
624 1162 744 1230 suscepit
764 1161 896 1230 hospicio,
969 1161 1146 1216 Hermannus
1164 1161 1354 1217 (loloniensisd

238 1231 382 1300 episcopus
395 1231 477 1297 obiit;
490 1233 535 1286 oui
547 1233 631 1286 Anno
645 1232 845 1286 (iloslariensiee
863 1233 1016 1301 prepositus
1029 1233 1189 1288 successim.
1245 1233 1273 1286 Η
1282 1234 1357 1286 ein-

237 1303 401 1355 ricusim
435 1303 896 1358 eratorobiitinBotfelden
928 1302 1358 1358 Guisuccessitfiliuseius

238 1372 388 1426 Heinricus
406 1319 513 1442 fans,
527 1374 555 1428 V
567 1390 701 1428 annorum
720 1373 877 1428 infantulus.

347 1443 471 1500 MLVII.
508 1443 570 1499 Rex
593 1445 714 1499 natalem
740 1444 851 1498 Domini
874 1444 1026 1514 Ratispone
1051 1443 1208 1514 celebravit,
1233 1449 1358 1514 presente

200 1514 453 1572 ieadhueViotore
465 1533 545 1584 papa.
574 1515 656 1569 Cum
673 1515 1358 1585 autemregressusessetinItaliampapaS,

238 1585 353 1641 vnn.
371 1585 445 1654 Aug.
464 1586 594 1656 migravit
611 1587 646 1642 ad
664 1586 829 1656 Dominum;
849 1585 947 1656 [cuit
968 1587 1149 1640 successit
1166 1585 1350 1640 fridericus¹

238 1657 337 1710 frater
355 1655 494 1710 Gotefridi
513 1657 606 1726 ducisl.

346 1725 486 1782 MLVHI.
524 1727 590 1781 Piae
616 1728 764 1782 memoriae
783 1727 946 1796 Stephanus,
973 1727 1048 1798 [quih
1072 1733 1100 1781 et
1125 1727 1303 1797 Fridericus¹,
1329 1728 1357 1780 in

239 1797 351 1852 civitate
369 1797 520 1868 Florentia]
538 1797 610 1852 1111.
630 1797 694 1852 Kal.
714 1799 802 1867 April.
822 1799 997 1880 migravit
1016 1798 1058 1852 ad
1075 1798 1272 1854 Dominum.

199 1889 228 1926 ao
346 1867 441 1924 Mille
455 1867 579 1924 LVIIH.
603 1869 755 1938 Liupoldus
768 1869 986 1938 archiepiscopus
999 1868 1195 1938 Mogontinusl
1212 1869 1277 1924 VH.
1292 1869 1358 1922 Idus

238 1939 307 1994 Dec.
326 1939 403 2008 obiit,
427 1940 524 1994 relicto
544 1941 571 1993 in
590 1941 788 1994 monimentum
808 1941 849 1993 sni
868 1940 1034 1994 monasterio
1053 1941 1139 1994 sancti
1156 1940 1258 2008 Iacchi,
1285 1940 1357 2009 quod

238 2009 357 2079 propriis
380 2011 509 2078 impensis
534 2016 693 2065 extruxerat
717 2010 877 2078 Mogontiae
904 2011 970 2064 foris
995 2029 1105 2064 murum
1135 2012 1163 2065 in
1188 2017 1282 2064 monte
1311 2012 1358 2079 qni

238 2081 341 2134 dicitur
352 2080 496 2150 Speoiosus
516 2081 641 2150 [XXIM
649 2085 691 2151 ¹¹¹]-
728 2081 780 2135 (lui
798 2082 927 2136 succeseit
939 2081 1092 2152 Sigefridns
1111 2083 1194 2136 abbas
1206 2081 1357 2138 Fnldensis.

238 2151 390 2205 Abbatiam
402 2151 568 2206 Wideradus
587 2153 742 2221 optinetn.

199 2241 228 2280 aa
347 2221 440 2278 MLX.
470 2223 532 2277 Rex
550 2225 669 2278 natalem
689 2223 800 2277 Domini
813 2223 986 2276 Wormaciae
1005 2223 1161 2282 celebravit¹

347 2292 456 2348 MLXI.
488 2295 613 2348 Andreas
631 2313 681 2348 rex
699 2293 894 2364 Ungariorum,
912 2294 1008 2348 videns
1026 2293 1121 2347 Belem
1141 2294 1276 2363 quandam
1295 2312 1357 2364 pro·

239 2364 374 2432 pinquum
391 2381 470 2418 suum
490 2382 605 2434 regnum
624 2367 752 2419 affectare
773 2369 802 2418 et
819 2364 957 2434 Ungarios
982 2382 998 2418 a
1023 2382 1052 2418 se
1077 2365 1209 2434 paulatim
1234 2366 1269 2419 ad
1294 2383 1357 2419 eum

238 2433 371 2501 deficere,
400 2452 516 2489 uxorem
540 2453 617 2490 suam
643 2441 672 2490 et
701 2435 787 2489 filium
814 2435 1002 2504 Salomonem,
1029 2435 1074 2489 cui
1099 2437 1249 2504 imperator
1272 2436 1356 2490 filiam

238 2521 326 2570 suam,
349 2507 464 2574 parvulo
482 2508 633 2576 parvulam,
659 2500 850 2576 desponderat,
875 2524 938 2560 cum
964 2506 1057 2560 multis
1082 2507 1179 2575 opibus
1204 2507 1239 2560 ad
1263 2524 1356 2578 regern

201 2575 401 2635 aoHeinricum
420 2577 577 2645 transmisit,
596 2583 700 2646 petens,
724 2583 802 2630 utet
820 2577 871 2631 sibi
896 2578 977 2630 misso
1004 2579 1123 2630 exercitu
1148 2578 1305 2632 subveniret
1330 2584 1358 2632 et

239 2663 311 2714 suos,
330 2647 418 2700 donec
436 2649 517 2701 rebus
536 2649 717 2717 tranquillitas
730 2647 900 2714 redderetur,
919 2653 1047 2702 servaret.
1078 2647 1140 2702 Rex
1149 2648 1355 2702 Willehelmum

239 2717 426 2772 marchionem
440 2717 645 2790 Thuringorum
658 2724 687 2774 et
698 2719 843 2788 Epponom
856 2718 1019 2772 (liticensem
1038 2719 1197 2788 episcopum
1213 2737 1275 2774 cum
1287 2720 1358 2773 duce

238 2787 407 2843 Boemorum
426 2793 455 2842 et
473 2791 594 2844 exercitu
605 2790 749 2844 Baioarico
768 2790 833 2842 illuc
852 2790 934 2845 misit.
966 2789 1021 2843 Sed
1039 2789 1161 2844 marchio
1174 2794 1203 2843 et
1214 2792 1357 2860 episcopus

238 2859 345 2928 priores
363 2859 408 2914 Un
429 2860 514 2913 ariam
533 2861 655 2931 ingressi,
677 2878 731 2914 non
750 2865 895 2928 expectato
921 2861 990 2914 duce
1009 2860 1184 2928 Boemorum,
1210 2879 1271 2915 cum
1291 2859 1357 2916 Bele

200 2950 229 2990 ar,
238 2878 748 3058 ggnadcontufferunt'atqurzirginitam
760 2931 964 3054 ἪιΙξίωᾶίἒθῐη
978 2931 1161 3054 Ungariorpm
1174 2936 1357 3056 pafremeruprete.

266 3018 311 3055 em
330 3018 346 3054 e
364 3019 426 3056 cum
445 3019 521 3055 omni
558 3021 574 3056 a
711 3019 780 3055 rua
829 3019 894 3054 eren
915 3019 961 3054 um
980 3019 1034 3054 sure
1053 3019 1115 3054 auxi
1128 3021 1184 3055 rum
1215 3021 1244 3057 re
1264 3019 1316 3056 uan

239 3071 449 3139 confluxissent,
477 3020 600 3127 videlrites
624 3021 711 3126 miislffia
723 3073 795 3142 regis
821 3077 913 3126 tantae
940 3072 1109 3126 multitudini
1134 3090 1163 3126 se
1188 3021 1303 3126 aurifero
1330 3078 1359 3126 et

239 3143 343 3197 viribus
361 3143 479 3211 impares
498 3161 562 3210 esse,
587 3143 688 3198 finibus
713 3145 832 3197 hostium
858 3142 989 3198 excedere
1014 3144 1149 3198 volebant.
1188 3144 1293 3198 Verum
1318 3144 1358 3196 illi

238 3215 302 3267 loca
320 3214 420 3279 omnia,
439 3231 491 3283 per
508 3231 578 3282 qnae
597 3215 686 3268 exitus
705 3231 763 3268 esse
782 3218 931 3282 poterant,
950 3215 1130 3280 occluserant,
1147 3218 1214 3282 tum,
1240 3233 1274 3268 ne
1293 3214 1358 3282 quid

200 3305 230 3341 so
239 3283 295 3338 cibi
308 3289 356 3337 aut
367 3289 448 3353 potus
460 3285 489 3338 in
502 3285 546 3338 via
558 3286 735 3354 reperiretur,
752 3284 937 3354 providerant.
969 3283 1092 3353 Cumque
1105 3285 1216 3353 insuper
1228 3286 1358 3338 abeuntes

239 3355 337 3408 crebra
361 3355 516 3409 incursione
541 3355 716 3424 infestarent,
743 3361 770 3408 et
795 3356 835 3408 illi
860 3372 969 3424 semper
993 3357 1145 3424 periculum
1170 3356 1272 3409 virtute
1296 3372 1358 3424 pro·

239 3426 379 3494 pulsantes
411 3444 523 3496 magnas
555 3427 675 3481 hostium
707 3431 811 3497 strages
843 3425 955 3492 duent,
986 3426 1097 3480 tandem
1129 3425 1257 3479 (liutuma
1291 3425 1358 3480 cede

240 3496 378 3551 exhaustis
403 3497 518 3565 viribus,
544 3498 669 3552 Andreas
695 3515 764 3567 equo
790 3497 860 3551 forte
886 3513 1012 3550 excussus
1037 3495 1220 3565 pugnantium
1245 3495 1359 3565 pedibus

241 3573 283 3620 eat
300 3568 484 3636 conculcatus,
504 3567 646 3638 episcopus
665 3575 769 3638 captus.
806 3567 931 3622 Marchio
950 3566 1023 3620 fame
1046 3567 1152 3636 magds⁰
1178 3585 1261 3636 quam
1286 3568 1359 3622 ferro

199 3639 602 3776 “thamaiath
627 3637 1358 3780 tlhlllttnfgthfllllh'tfl‘ltsstt‘ft

239 3779 339 3834 indolis
357 3779 522 3849 adolescens,
542 3751 614 3834 ultrd
632 3785 741 3850 patrem
759 3784 893 3846 exoraret,
912 3797 966 3833 non
986 3779 1068 3833 modo
1087 3785 1118 3832 ut
1136 3798 1198 3834 eum
1218 3781 1276 3835 iure
1294 3781 1359 3834 belli

240 3851 375 3904 intactum
393 3851 502 3918 sineret,
528 3851 677 3905 sedetiam
703 3856 735 3904 nt
760 3851 893 3904 affinitate
919 3851 971 3905 sibi
996 3851 1122 3920 iungeret
1146 3851 1308 3920 desponsata
1333 3851 1359 3906 ei

240 3921 297 3974 filia
315 3938 371 3988 saa,
389 3939 483 3976 sorore
502 3922 605 3977 Ioiade.

200 4069 229 4108 ω
239 4063 262 4111 a)
276 4061 340 4102 colon
354 4065 428 4104 wdesn
442 4075 509 4104 mauu
522 4075 629 4114 raperere.
697 4065 720 4111 h)
738 4065 769 4102 na
787 4060 820 4114 (d)
837 4074 867 4112 c.,·
885 4069 976 4104 sanctae
991 4065 1074 4104 Martae
1090 4064 1167 4112 Lamp.
1235 4067 1255 4112 c)
1273 4063 1329 4104 Gaul
1342 4074 1360 4105 e.

239 4118 263 4162 d)
277 4117 340 4156 colon
354 4129 371 4160 c.
426 4119 447 4168 e)
461 4131 480 4157 ι.
496 4119 529 4156 ael
542 4119 596 4160 snac'
608 4129 693 4167 sempor
702 4129 746 4167 pro
760 4117 864 4156 ancrasalt
877 4128 894 4160 c.
948 4119 965 4164 f)
979 4127 1081 4156 numerus
1094 4117 1167 4155 eadem
1177 4127 1243 4156 manu
1253 4127 1359 4166 marm.

239 4172 262 4218 p)
277 4171 349 4210 mom
363 4183 430 4210 mnu
444 4182 550 4221 capanea
605 4173 628 4220 h)
643 4171 704 4210 anch
718 4171 802 4209 inclusa
816 4171 887 4209 alters
901 4181 981 4210 canera
995 4181 1061 4209 mona
1075 4170 1146 4219 suppl.
1206 4168 1223 4220 l)
1238 4171 1266 4209 fri
1275 4169 1358 4220 limene,

240 4221 269 4262 de
284 4223 389 4263 mmsis
403 4236 420 4266 e,
482 4223 506 4272 k)
520 4224 572 4262 haec
586 4227 608 4262 ln
623 4235 686 4264 ces-sc
697 4224 782 4272 popina
795 4223 885 4262 ariadne
899 4223 983 4272 amena
995 4223 1078 4271 scriptu
1091 4227 1149 4264 aaut.
1209 4221 1226 4272 l)
1239 4221 1329 4272 magoni
1343 4235 1359 4265 c.

239 4277 272 4326 m)
286 4287 385 4316 numm
399 4279 468 4318 minio
482 4279 505 4316 in
519 4289 591 4326 mara.
607 4277 728 4327 Liupoldus
742 4277 836 4315 vidaon
850 4277 883 4319 21.
896 4278 960 4315 celiel
973 4280 1099 4314 numeratur
1112 4281 1150 4326 eat,
1164 4280 1187 4314 at
1197 4277 1220 4314 tn
1233 4277 1288 4315 serie
1297 4277 1359 4323 fall-a

201 4339 230 4380 ω
236 4341 261 4379 p.
271 4331 303 4372 fi.
316 4331 380 4372 edita,
434 4331 458 4382 n)
472 4331 535 4380 optlh
550 4343 567 4370 c.
622 4334 645 4382 o)
660 4331 718 4370 fama
732 4331 810 4368 lteram
824 4330 882 4380 aad„
896 4331 934 4368 secl
947 4330 989 4370 del.
1004 4341 1021 4371 c.
