3266 4852
592 357 759 414 GRONIGA
778 357 913 416 M[NOR.
1260 365 1312 419 521

197 563 302 608 omnes
325 549 475 622 auctores,
502 541 558 624 qui
586 541 756 608 Granicum
785 549 926 606 nostram
956 541 1168 623 adhibuerint,
1192 565 1312 609 enume-

196 631 277 711 raoi,
309 651 375 696 non
404 631 518 711 dubito,
549 630 628 713 quin
655 629 718 695 iter
739 631 838 696 editos
860 637 951 712 atque
973 631 1109 697 ineditos
1132 633 1243 714 plura
1264 632 1312 697 in·

195 719 301 785 casiri
320 720 457 800 possint,
487 719 542 802 qui
571 740 641 784 eam
669 719 902 800 enscrzpsmint.
949 721 1025 785 Iam
1052 719 1127 786 bine
1150 721 1313 804 percipere

190 815 289 890 potes,
319 815 392 890 quot
420 808 540 874 codices
567 808 722 874 Granioae
751 807 897 873 Minoris
925 808 963 874 in
990 809 1169 874 Germania
1197 817 1312 892 septen·

165 896 330 962 strionali
353 897 427 962 olim
449 896 615 963 euisteutes
634 897 802 978 perierint,
825 897 881 963 ubi
905 897 1057 978 permulti
1078 905 1221 964 auctores
1243 921 1313 964 eam

195 986 436 1068 exscripserunt,
453 1007 538 1051 nuno
553 992 657 1051 autem
672 993 735 1051 tres
750 992 871 1050 tantum
894 985 971 1051 libri
986 993 1163 1068 seruantur,
1188 1009 1258 1052 cum
1274 987 1313 1053 in

200 1074 379 1140 Germania
412 1074 628 1154 meridionali,
663 1074 718 1140 ubi
754 1075 832 1141 baec
870 1074 1007 1140 Gronica
1040 1075 1147 1140 minus
1183 1077 1312 1158 culpata

195 1169 273 1243 erat,
306 1169 371 1229 oeto
400 1162 550 1244 hodieque
578 1163 786 1229 inveniantur
808 1169 940 1246 praeter
968 1165 1046 1229 duos
1078 1164 1117 1229 in
1145 1163 1310 1245 Bobenia,

194 1273 294 1318 unum
315 1251 353 1316 in
383 1252 539 1334 Unqaria.

160 1366 187 1405 ιο
301 1340 400 1406 liber
415 1364 436 1407 a
456 1341 547 1406 nobis
562 1340 708 1406 Granios
723 1343 838 1407 Minor
859 1340 1100 1422 inscribebatur,
1124 1341 1180 1424 qui
1202 1341 1312 1408 titulus

193 1428 232 1493 in
260 1429 362 1494 tribus
384 1429 541 1495 codicibus
567 1429 765 1495 diuersarum
787 1429 1004 1494 recensionum
1034 1427 1084 1511 (B
1103 1436 1129 1494 1.
1150 1425 1202 1494 lb.
1232 1431 1310 1512 01)

194 1517 361 1601 lepitur-
372 1517 410 1584 in
426 1518 501 1584 aliis
517 1517 609 1583 libris
621 1514 670 1596 (B
680 1525 732 1582 1⁸.
746 1523 777 1582 2.
801 1518 875 1602 02)
893 1519 1039 1584 Granios
1050 1521 1214 1597 Romans,
1236 1519 1312 1586 aliis

194 1606 269 1672 buio
298 1607 387 1672 titulo
416 1605 544 1686 additis,
574 1609 622 1672 rel
652 1607 798 1674 Granios
820 1609 1053 1673 Romanorum
1083 1605 1132 1686 (A
1146 1614 1175 1671 1.
1199 1607 1232 1672 Β
1247 1607 1310 1690 5⁸)

193 1701 332 1778 oocatm,
351 1695 429 1761 aliis
444 1695 536 1760 libris
551 1694 601 1777 (B
610 1700 666 1759 2⁸.
677 1701 708 1760 4.
720 1702 750 1760 5.
766 1695 817 1778 D)
833 1694 956 1761 nullam
970 1695 1208 1778 inscriptionem
1217 1718 1310 1778 prae-
1418 1701 1421 1706 ’

160 1809 186 1850 is
195 1784 336 1850 bentibus
346 1805 593 1866 —quamquam
606 1784 736 1850 minime
751 1787 839 1867 simod
851 1805 900 1850 me
915 1787 1077 1850 cantabat
1090 1784 1194 1868 ipsum
1209 1793 1310 1852 aucto

194 1893 259 1938 rem
276 1873 356 1938 libro
371 1895 427 1938 suo
442 1873 526 1940 buno
544 1873 670 1938 titulum
684 1872 849 1939 indidisse.
884 1873 979 1939 Recte
987 1873 1096 1955 potius
1108 1875 1159 1940 W.
1172 1875 1310 1940 Watten·

195 1962 272 2026 boob
288 1963 316 2026 b.
332 1983 373 2026 m.
396 1961 521 2028 violetur
541 1962 719 2028 censuissel
737 1963 820 2028 bano
843 1969 1057 2043 comparatam
1080 1984 1149 2028 oum
1164 1964 1310 2029 Martini

198 2049 406 2132 Oppaoieusis
434 2050 594 2116 Glcronioo
623 2053 663 2116 ab
693 2051 770 2116 aliis
800 2051 916 2116 dietam
945 2073 1010 2115 esse
1038 2051 1201 2134 minorem,
1229 2052 1310 2119 sicud

193 2138 287 2203 etiam
309 2139 389 2205 liber
410 2139 527 2220 fratris
541 2139 687 2205 Minoris
710 2139 844 2221 Sueoioi,
868 2160 958 2221 quem
974 2141 1092 2206 Floras
1114 2145 1309 2226 iemporum

157 2227 365 2310 minscripsit,
389 2229 429 2293 ab
451 2228 528 2293 aliis
550 2231 687 2295 cronica
709 2230 823 2294 Minor
842 2230 987 2294 Martini
1009 2231 1210 2295 uocabatur².
1252 2230 1309 2294 At-

193 2336 251 2399 que
284 2317 355 2383 iure
384 2317 479 2382 buius
507 2317 624 2397 fratris
646 2316 885 2384 Praedicatoris
914 2316 1107 2400 ourialrsque
1135 2324 1164 2383 et
1191 2318 1309 2397 fratris

193 2405 337 2470 Minoris
366 2405 468 2471 nostri
497 2406 648 2472 ebronioo
676 2414 837 2488 tanquam
862 2405 984 2471 similia
1012 2407 1097 2472 inter
1117 2428 1151 2472 se
1172 2407 1308 2486 eonfere-

193 2495 278 2559 bant.
332 2495 503 2576 Utrumque
524 2495 609 2560 enim
635 2516 671 2560 re
692 2516 770 2560 uera
795 2497 835 2561 ab
858 2494 1081 2561 incarnatione
1103 2495 1238 2560 Dmnini
1260 2517 1309 2560 eu-

193 2583 317 2649 ordium
336 2585 435 2664 babet,
454 2583 570 2665 paucis
585 2586 623 2650 de
637 2583 769 2666 imperio
785 2583 931 2649 Rmnano
948 2583 1146 2665 praemissio.
1186 2584 1308 2651 Utrum-

157 2691 251 2754 mque
261 2672 382 2751 fabulis
393 2673 545 2753 refertum
560 2679 613 2755 cst,
630 2675 669 2738 ab
681 2674 738 2737 boe
752 2672 789 2738 in
804 2672 1023 2754 Germaniam,
1037 2673 1077 2736 ab
1092 2672 1147 2738 illo
1161 2672 1198 2736 in
1213 2679 1309 2737 totum

193 2763 295 2827 orbem
307 2761 451 2844 culpatis.
473 2761 654 2827 Miraberis
668 2782 755 2842 sane,
768 2783 838 2828 cum
849 2763 973 2826 easdem
983 2761 1113 2841 fabulas
1124 2763 1161 2827 de
1174 2761 1308 2843 quiooo

186 2871 285 2932 papa,
303 2851 340 2916 cle
351 2850 545 2916 Marcellino
553 2871 653 2933 papa,
674 2851 711 2915 de
726 2850 877 2915 Silvestro
888 2850 920 2914 I.
932 2871 1032 2932 papa,
1049 2852 1087 2915 de
1101 2851 1207 2915 Leone
1219 2871 1309 2932 papa

192 2939 349 3022 Arriano,
374 2941 412 3004 de
428 2939 573 3021 papissa,
597 2939 635 3004 de
659 2937 820 3020 Gerberto,
843 2941 932 3020 apud
951 2945 1116 3021 utrumque
1138 2938 1307 3020 inueneris,

185 3028 311 3111 partim
334 3049 372 3092 ea
394 3027 506 3093 iisdem
529 3027 621 3092 libris
644 3034 885 3110 transsumptas,
909 3027 1034 3109 partim
1063 3029 1103 3093 ab
1126 3027 1177 3093 luis
1199 3028 1308 3110 primo

156 3124 356 3182 sonarratas.
392 3117 513 3182 Neuter
535 3137 675 3198 unquam
698 3115 861 3198 dubitauit,
885 3115 964 3197 quin
980 3116 1150 3199 pontifices
1173 3139 1194 3182 a
1213 3117 1308 3182 Petro

192 3206 230 3271 in
244 3205 381 3287 ecclesia,
406 3227 427 3270 a
444 3205 594 3270 Silvestro
612 3205 707 3270 etiam
729 3204 765 3270 in
787 3204 919 3287 imperio
935 3204 1158 3287 omnipotentes
1175 3205 1306 3286 fuerint,

192 3297 248 3360 sed
275 3294 381 3374 frater
409 3293 525 3359 Minor
559 3293 771 3360 Germaniam
799 3292 985 3375 simpliciter
1013 3295 1097 3359 banc
1131 3293 1307 3359 doctrinam

185 3383 321 3466 profert,
338 3405 378 3448 ne
392 3382 569 3464 auspicatus
584 3383 710 3464 quidem
724 3403 902 3465 quenquam
917 3403 987 3447 cam
1001 3382 1038 3448 in
1053 3382 1183 3448 dubium
1197 3403 1309 3447 uocare

186 3493 288 3554 posse,
319 3473 373 3537 ille
400 3473 520 3538 Staures
549 3471 683 3538 curialis
710 3473 792 3536 male
821 3474 937 3552 doctus,
967 3477 1002 3536 ut
1028 3492 1098 3536 eam
1130 3471 1310 3551 defenderet

157 3561 327 3642 maliisque
350 3563 565 3643 persuaderet,
595 3560 724 3625 studuit.
769 3561 890 3624 Frater
919 3559 1035 3624 Minor
1062 3559 1196 3641 simplex
1229 3579 1309 3640 quas

191 3649 229 3715 in
252 3649 365 3715 litteris
381 3671 545 3732 paparum
567 3649 684 3731 leperat
710 3649 889 3715 calumnias
911 3647 1076 3715 Friderioi
1097 3649 1151 3713 II.
1175 3649 1308 3730 impera·

192 3739 270 3804 toris
299 3738 435 3819 fideliter
463 3737 588 3820 repetiit
610 3771 652 3782 -
674 3737 741 3820 ipse
764 3737 848 3803 enim
871 3759 962 3820 papa
984 3739 1061 3803 baec
1083 3737 1165 3802 dicit
1187 3773 1240 3818 -,
1272 3739 1309 3802 de

191 3828 371 3908 Maufredo
386 3834 414 3892 et
428 3826 612 3893 Gonradino
627 3825 711 3891 nibil
724 3826 804 3890 mali
818 3826 954 3908 scripsit,
974 3827 1091 3891 Staures
1106 3825 1160 3892 ille
1175 3825 1309 3891 curialis

192 3938 213 3981 a
236 3916 413 3996 Maufredo
436 3921 564 3998 patrem
586 3915 781 3995 suffocatum
809 3935 876 3980 esse
896 3915 1053 3996 nnntitus,
1090 3913 1309 3980 Conradinum

156 4013 293 4074 mactate
315 4005 466 4086 iuuenem,
490 4007 547 4072 sed
566 4003 693 4069 matitia
710 4009 890 4085 prouectum
914 4003 1006 4068 dicit.
1046 4003 1168 4069 Frater
1190 4004 1308 4068 Minor

194 4255 220 4320 1)
236 4251 352 4378 {aggileis
368 4251 391 4377 ξ.
410 4249 447 4306 Κ.
468 4249 635 4304 Oesterreioh.
656 4249 722 4314 ΕΟ]
740 4249 820 4314 XIV,
843 4265 873 4316 p.
894 4251 935 4304 11.
1016 4251 1044 4317 2)
1071 4249 1113 4313 Cf.
1132 4247 1181 4304 SS.
1200 4247 1308 4312 XXIV,

190 4341 218 4392 p.
290 4363 298 4390 ,
323 4341 351 4375 n.
388 4365 394 4376 .
