3232 4856
571 341 739 400 moulon
756 342 891 402 MINOR.
1235 349 1289 404 491

177 525 304 593 condita
326 561 370 572 -
392 546 469 590 nam
491 526 530 592 ab
553 525 613 590 lias
635 523 799 591 scordium
820 527 953 609 sinnpsit
974 561 1018 574 -
1039 547 1137 609 usquc
1151 529 1196 594 ad
1208 527 1290 593 nati·

176 615 304 682 aitonm
324 613 449 681 onnon
471 614 549 680 clare
571 613 634 680 eibi
649 621 867 697 proposuerat,
891 615 938 681 i'to
959 615 1173 698 composuerit,
1195 623 1232 682 ut
1252 637 1292 682 ca

177 702 322 770 historiis
348 702 455 768 Orosii
476 701 617 781 srustsola
637 704 793 785 quaedam
815 704 971 788 collipcret
999 726 1037 770 ac
1058 704 1147 770 nula
1168 711 1291 771 sanato

178 792 289 858 ordine
316 791 403 858 inter
424 812 457 857 se
484 789 533 856 ita
561 790 711 873 muniet,
740 797 778 856 ut
797 794 885 874 apud
906 814 976 859 enm
998 793 1110 859 bellum
1132 792 1291 860 Pnninsm

146 882 348 947 ssecumlum
369 887 443 946 ante
458 879 611 962 prinum
635 879 692 945 lna
713 885 788 946 ante
802 880 938 946 Ronmm
960 903 982 946 a
1001 881 1107 948 Gallis
1127 881 1292 948 incensam

176 975 304 1053 pestinn,
329 990 399 1036 aim
425 967 531 1036 Gallis
552 967 647 1034 etiam
674 967 792 1035 Gothos
813 969 949 1036 Romam
970 971 1079 1038 urben
1101 970 1292 1036 damasso

178 1059 326 1142 ispanus,
349 1064 384 1122 ul
402 1057 552 1124 Croesum
573 1077 676 1139 repom
690 1057 816 1141 Lydiae
833 1064 966 1142 tempore
980 1057 1177 1125 Diocletiani
1197 1058 1291 1140 impe·

177 1145 297 1214 ratoris
324 1145 441 1212 naisso
466 1151 622 1228 strsperites
650 1147 690 1212 ab
720 1167 754 1212 eo
783 1145 950 1214 discamus.
997 1148 1042 1213 In
1071 1147 1174 1213 codice
1196 1147 1291 1213 Lam-

172 1235 301 1319 ponius
315 1234 443 1302 Montis
461 1235 495 1302 S.
511 1233 602 1300 Petri
624 1255 659 1300 so
681 1241 824 1318 tempore,
847 1256 908 1318 quo
929 1236 1034 1316 frater
1048 1235 1165 1302 Minor
1186 1241 1292 1302 noster

144 1345 249 1391 iseum
277 1323 359 1407 lepil,
390 1323 657 1390 cmctinuotionem
678 1324 858 1390 Annalium
881 1325 915 1391 S.
932 1324 1023 1391 Petri
1045 1324 1291 1408 Erpliest‘urten·

178 1413 262 1478 mum
284 1419 340 1478 aaa
361 1411 500 1478 treviam
522 1419 579 1477 ant
599 1412 757 1478 maiorum
778 1413 922 1480 additam
941 1413 1042 1494 finisse
1064 1419 1186 1479 cantat
1193 1415 1214 1496 1,
1237 1415 1293 1479 scd

178 1502 283 1582 frater
303 1501 421 1568 Minor
448 1521 513 1566 non
542 1499 666 1568 arant
690 1521 770 1582 qaae
799 1522 878 1568 saec.
905 1503 995 1569 XII.
1018 1501 1222 1584 Inplorclice
1244 1501 1292 1567 ool

177 1590 215 1657 in
241 1589 427 1673 I'luninpia
446 1595 534 1672 posta
556 1596 638 1669 sunt,
662 1589 746 1655 nihil
768 1611 806 1656 ea
828 1590 880 1656 liis
902 1590 1068 1674 exscripsit
1076 1593 1096 1654 ².

291 1679 333 1746 Ut
355 1699 435 1761 pisae
456 1677 561 1760 mapis
582 1700 652 1744 eum
675 1679 868 1745 noctuam
896 1679 1060 1762 colliperet,
1090 1679 1172 1746 alias
1194 1679 1292 1744 libros

144 1790 248 1836 inerim
270 1768 362 1834 adire
384 1765 528 1850 oportuit,
550 1765 710 1849 inprimis,
734 1768 869 1850 quasin
885 1769 1017 1851 prolopo
1032 1766 1217 1849 nominauit,
1240 1767 1292 1832 ius

179 1857 375 1938 canonimnn,
405 1855 509 1921 idest
535 1854 690 1922 manans·
711 1855 881 1922 Decretum
909 1864 938 1922 et
964 1856 1114 1938 Greporii
1136 1855 1205 1920 IX.
1229 1855 1291 1920 De·

179 1947 317 2026 cretoles,
342 1967 380 2011 aa
397 1943 540 2011 Honorii
555 1944 851 2028 Anpustodunensis
873 1944 989 2012 librum
1011 1946 1049 2011 de
1072 1945 1180 2025 osfirio
1203 1945 1291 2010 eccle-

178 2034 316 2116 siastico,
340 2032 395 2116 qui
416 2032 605 2100 inscribitur
631 2033 762 2100 Gemma
785 2035 943 2115 animae³,
968 2041 1033 2098 tam
1055 2033 1146 2099 Petri
1174 2032 1291 2099 Comes-

178 2124 257 2190 toris
290 2121 473 2188 Historiam
505 2122 713 2204 scolasticam,
748 2121 997 2204 Pseudoturpini
1032 2122 1137 2188 Vitam
1171 2120 1292 2187 Karoli

143 2211 309 2294 nMapni,
340 2232 379 2277 ea
407 2231 471 2294 qna
499 2232 598 2276 annm
627 2211 727 2277 neum
752 2211 935 2293 scarpam,
958 2218 1025 2276 ium
1046 2232 1119 2277 uero
1141 2230 1291 2292 mapnam

179 2300 383 2369 collectionem
421 2300 566 2366 Vitaram
598 2306 778 2366 sanatorum
811 2301 858 2366 ael
892 2299 1109 2382 lependarium
1141 2321 1292 2383 mapnnm

179 2393 262 2474 quod
282 2389 408 2471 elicitur,
438 2388 475 2454 in
503 2409 567 2469 qna
589 2388 648 2454 lias
670 2408 750 2470 quas
763 2389 882 2459 ,dimini
909 2389 1057 2472 lepontios
1079 2387 1189 2471 lepissc
1210 2388 1291 2452 cisle-

179 2486 240 2554 tnr,
264 2485 300 2544 nt
320 2478 369 2542 acl
391 2497 445 2543 eas
466 2498 653 2560 recenseam,
683 2497 721 2542 ea
743 2477 856 2559 quibus
878 2478 979 2559 plum
1000 2477 1184 2558 exscripsit:
1213 2477 1292 2542 Pas·

180 2567 299 2634 sionem
315 2565 406 2631 Petri
427 2572 458 2631 et
472 2565 570 2631 Pauli
592 2565 832 2647 apostolorum,
856 2586 895 2630 esc
917 2585 980 2647 qna
1003 2564 1166 2648 epistolam
1188 2563 1293 2630 Pilati

144 2655 341 2738 nspuriam,
354 2655 477 2720 mmmm
505 2653 542 2719 in
572 2655 709 2720 secunda
738 2653 917 2719 recensione
939 2653 1167 2736 transscripsit,
1196 2653 1294 2720 Gesta

181 2743 284 2810 Pilati
293 2744 314 2825 ⁶,
339 2743 430 2811 Vitas
443 2742 491 2808 ool
506 2741 678 2808 Passiones
693 2741 805 2808 Iacobi
821 2743 953 2824 apostoli
964 2744 983 2824 ⁷,
1001 2743 1155 2808 Martiae
1173 2741 1294 2806 sororis

179 2831 345 2912 Monam,
369 2829 523 2914 Dionysii
538 2830 759 2913 Areopapitae,
783 2831 941 2911 Materni,
972 2832 1108 2900 Ursulae
1129 2832 1177 2896 uel
1199 2831 1293 2896 ande-

180 2921 241 2986 cim
278 2919 403 2985 milimn
438 2918 609 3003 vispinum,
648 2918 777 2984 Hilarii
813 2919 1025 2987 Piclaoiensis
1061 2941 1145 2986 nova
1180 2919 1293 2999 fabaria

180 3015 314 3090 auctam,
346 3008 565 3074 Inventionem
594 3014 623 3074 et
656 3007 911 3074 Translationem
941 3008 1095 3092 Stephani
1117 3015 1293 3090 protonmr·

145 3098 269 3182 sotpris,
301 3097 392 3163 Vitas
424 3096 570 3162 Martini
605 3097 800 3163 Turonensis
833 3103 959 3164 auctore
993 3097 1133 3180 Sulpicio
1169 3098 1291 3178 Seuero,

180 3185 322 3269 Remipii
355 3185 522 3252 Berensis
554 3192 680 3252 auctore
717 3186 906 3266 Hincmaro,
947 3186 1096 3270 Greporii
1125 3187 1157 3250 Ι.
1185 3207 1294 3268 papae

180 3282 306 3342 auclore
329 3274 477 3342 Iohanne
499 3274 641 3358 diacono,
670 3273 820 3358 Grepmii
843 3276 875 3339 I.
903 3275 1057 3359 Dialopos
1065 3276 1087 3356 ⁹,
1112 3275 1294 3339 Sermonem

182 3434 207 3500 1)
229 3432 271 3497 Cf.
290 3448 377 3500 supra
390 3447 421 3498 p.
434 3431 478 3486 45.
491 3433 543 3488 119
552 3447 589 3498 so.
662 3431 689 3500 2)
708 3432 748 3483 Ni
763 3431 835 3495 foris
853 3431 882 3483 id
899 3432 968 3498 quad
985 3431 1017 3483 dc
1034 3432 1195 3484 munasterio
1212 3431 1294 3482 Reiu-

180 3503 414 3556 lsardsbrmnnsnsi
423 3503 539 3566 fundato
555 3501 605 3554 aa
621 3503 728 3555 Urbano
738 3502 775 3557 ΙΙ.
791 3519 867 3571 papa
879 3503 960 3568 amit,
973 3517 1006 3554 ea·
1018 3502 1170 3554 Annalibus
1182 3502 1210 3557 S.
1219 3502 1296 3554 Petri

144 3589 170 3630 ss
180 3575 328 3628 maioribus
344 3576 466 3642 sumpsit.
549 3576 577 3642 3)
597 3574 761 3640 Cornpluriss
779 3573 885 3638 editum,
903 3579 933 3625 nt
950 3573 1076 3625 Monimo
1095 3573 1165 3626 Bill.
1180 3579 1294 3640 patrum

180 3645 417 3714 inponamus)
437 3645 500 3711 XX,
515 3644 1099 3712 p.1046-11283Ms9m,sacr0109.13a
1119 3651 1136 3698 t.
1151 3643 1292 3698 CLXXII.

180 3719 207 3782 4)
224 3717 303 3768 Hunc
321 3719 400 3769 etiam
418 3717 534 3780 sortasse
551 3731 605 3769 non
622 3732 656 3768 ea·
673 3719 732 3784 ipso
749 3716 797 3769 lsoo
814 3715 883 3768 libro
901 3717 1022 3782 sumpsit,
1041 3716 1134 3767 sedin
1146 3715 1200 3766 alio
1218 3715 1293 3767 cliro·

179 3790 239 3840 niso
256 3790 386 3854 soriptum
403 3789 509 3842 inuenit.
600 3788 627 3856 ὅ)
644 3787 697 3842 Eo
717 3787 828 3855 lipsius
845 3793 869 3839 ei
886 3787 997 3852 Bennoi,
1024 3789 1091 3838 Acta
1116 3803 1133 3837 a
1180 3786 1293 3837 talorum

180 3859 334 3928 apocrypha
352 3859 375 3925 1,
394 3874 424 3925 p.
439 3860 591 3915 119-177.
663 3804 906 3927 &Nampmlibellum
924 3859 972 3926 qui
988 3862 1096 3909 uocatur
1147 3854 1293 3909 orsPilsti

144 3932 269 3999 toipsum
286 3898 435 3996 exscripsit,
454 3930 500 3982 sul
516 3931 647 3982 ineditum
663 3857 758 3995 ainus,
778 3935 808 3980 ut
825 3929 937 3995 vidam,
959 3929 990 3981 de
1007 3943 1058 3995 qno
1076 3873 1219 3995 masopane
1236 3929 1294 3980 siais

181 4001 244 4054 locis
262 4002 397 4054 adnotavi.
451 4001 479 4067 7)
506 4000 557 4052 Uli
572 4002 657 4053 edice
674 4001 729 4053 sint
746 3969 877 4068 isquam
894 4001 1074 4065 narrationes,
1094 4000 1211 4065 ansulis
1231 3999 1294 4052 locis

179 4073 313 4126 adnotari.
385 4073 413 4139 8)
431 4072 505 4124 Haeo
529 4074 609 4124 ctiam
626 4071 730 4122 &mum
754 4073 783 4122 in
801 4071 915 4123 sunnia
932 4073 1078 4123 recensione
1096 4073 1230 4137 inempta
1248 4075 1292 4124 cst.

181 4145 208 4210 9)
231 4144 359 4208 Grcporii
373 4142 527 4209 Repsstrum
546 4141 683 4209 aliquoties
700 4143 807 4207 citatur,
827 4141 872 4194 ssd
884 4141 1041 4209 plerumque
1058 4157 1092 4194 ea·
1109 4157 1165 4192 una
1183 4141 1293 4209 epistola

180 4230 233 4266 uon
252 4215 288 4266 ad
305 4215 413 4266 veroum
430 4221 538 4283 sumpta
555 4219 626 4279 sunt,
646 4227 713 4280 quae
732 4213 809 4267 Oron.
824 4211 917 4265 Minor
934 4212 1018 4277 halet,
1038 4213 1103 4278 alia,
1126 4227 1179 4280 pro
1197 4213 1293 4278 quibus

144 4285 334 4351 osRepistr-um
353 4285 466 4336 allatum
483 4291 528 4344 est,
547 4286 576 4336 in
594 4300 622 4337 eo
639 4299 693 4337 nou
711 4286 891 4338 inveniuntur.
930 4283 1002 4336 Unde
1020 4300 1053 4336 en
1070 4284 1127 4336 alio
1145 4283 1213 4336 libro
1231 4283 1294 4336 nau

180 4358 271 4408 omitia
288 4357 420 4424 inempta
437 4357 561 4408 videntur
577 4371 638 4412 esso.
