3222 4850
261 586 339 640 1269.

241 657 278 698 Or.
286 656 339 698 utu.

253 711 313 752 cont.
320 710 340 752 1.

248 1462 278 1510 Ἴ.
288 1464 340 1507 l'l'l‘.

263 2368 340 2422 1270.

251 3305 339 3354 ‘mla

261 3831 338 3885 1268.

253 3900 338 3950 sepas.

347 426 401 482 260
445 421 612 478 onosma
624 421 653 477 S.
662 419 777 477 PETRI
789 419 1052 478 ERFORDENSIS
1064 421 1155 480 MOD.
1173 424 1385 482 aneslevo.

453 599 537 655 Anno
562 600 672 654 Domini
696 597 878 658 mecam
915 597 1050 654 Soldanus
1075 599 1227 665 Babilouie‚
1256 600 1315 670 qui
1340 605 1394 654 est
1414 617 1469 654 rex

349 670 453 742 Egipti,
478 671 593 726 nacione
619 671 732 738 Turcus,
757 670 868 726 nomine
893 669 1057 739 Melchaaar,
1083 671 1235 726 sevissimus
1260 670 1345 724 hostia
1371 677 1468 726 sancte

349 742 503 796 catholice⁸
525 742 645 812 ecclesie,
671 743 808 796 civitatem
826 741 1023 796 Anthiochiem
1040 759 1168 812 magnam
1193 746 1221 796 et
1248 743 1406 810 opulentam
1433 759 1466 796 ac

350 812 501 867 Christiano
519 813 621 882 populo
646 814 756 882 plenam
781 813 853 867 bello
872 813 1038 883 expugnavit
1063 817 1091 867 et
1109 813 1190 882 cepit
1209 813 1326 895 spolians
1344 831 1405 867 cem
1424 813 1466 866 in-

347 884 467 938 numeris
486 885 590 953 opibus,
610 901 641 938 ec
659 883 785 938 incendio
804 884 928 940 vastavit.
965 882 1073 938 Occidit
1090 900 1198 953 quoque
1223 902 1251 937 m
1270 901 1302 938 aa
1319 885 1465 966 plusquam
1476 895 1497 935 e

349 959 459 1008 centum
477 955 553 1008 milia
571 959 599 1010 et
616 954 700 1008 XXX
717 955 793 1008 milia
809 954 961 1023 hominum,
979 959 1008 1009 et
1024 955 1077 1008 hoc
1095 956 1214 1009 maxime
1238 954 1267 1008 in
1286 955 1379 1009 odium
1399 955 1467 1009 Tar-

349 1031 479 1094 tarorum,
507 1025 571 1094 qula
597 1025 656 1095 ipsa
683 1025 851 1080 Anthiochia
877 1025 999 1080 subiecta
1028 1025 1081 1080 fuit
1108 1030 1136 1080 et
1165 1026 1308 1080 tributaria
1335 1025 1466 1082 Tartesia.

347 1097 448 1150 Idem
472 1097 599 1150 soldanus
621 1096 730 1164 publice
754 1097 970 1165 apostatantibus
988 1101 1017 1150 et
1034 1095 1172 1150 (lhristum
1190 1097 1353 1167 negantibus
1370 1097 1467 1150 multis

348 1168 458 1221 milibus
483 1167 559 1220 dedit
583 1167 676 1222 vitam.
713 1166 854 1220 Selemnos
878 1168 983 1222 nunctii
1003 1167 1134 1237 predicti
1151 1167 1256 1221 soldani
1274 1167 1418 1222 Babilonia
1438 1175 1468 1222 et

348 1239 454 1293 nunctii
479 1239 613 1292 solemnes
637 1238 708 1308 regis
727 1237 905 1292 Tartarorum
930 1237 1005 1292 missi
1030 1239 1066 1292 ed
1087 1239 1223 1308 principes
1244 1237 1412 1292 Christianos
1439 1245 1513 1293 etio

349 1310 468 1364 munna
487 1309 521 1363 ad
540 1308 716 1363 Ludevvicum
734 1326 828 1378 regem
846 1309 971 1374 Francia,
995 1310 1155 1379 navigantes
1172 1327 1222 1378 per
1239 1326 1314 1364 mare
1333 1309 1467 1364 Mediter-

349 1398 471 1447 raneum,
491 1384 677 1434 convenerunt
695 1397 759 1432 casu
777 1381 805 1433 in
824 1379 934 1434 civitate
952 1378 1089 1448 Ianuensi,
1110 1385 1139 1435 et
1155 1380 1279 1435 videntes
1296 1398 1325 1434 sa
1342 1399 1468 1451 pugilare

349 1455 490 1522 ceperunt,
507 1468 570 1520 pars
595 1456 690 1505 contm
713 1454 828 1520 partem,
852 1451 881 1504 in
905 1451 997 1519 platea
1015 1450 1153 1518 ‘civitatis
1171 1455 1203 1506 ut
1220 1451 1329 1506 insimul
1348 1469 1376 1506 se
1395 1452 1467 1506 occi-

349 1521 478 1590 detenta,
496 1523 559 1590 quia
571 1522 664 1575 odium
683 1522 865 1575 inveteratum
883 1526 911 1576 at
928 1539 1070 1576 rancorem
1088 1527 1199 1591 portant
1218 1521 1253 1576 ad
1271 1523 1389 1576 invicem
1402 1523 1468 1576 Sar-

348 1594 441 1648 raccni
459 1597 487 1646 et
505 1593 619 1648 Tartesi.
647 1592 727 1663 Quod
745 1592 869 1647 videntes
887 1593 959 1647 cives
975 1592 1132 1661 Ianuenses,
1150 1598 1181 1646 nt
1199 1593 1314 1648 decebat
1332 1611 1386 1662 eos,
1404 1594 1468 1648 lites
1479 1604 1514 1644 rr>

348 1665 553 1734 interceperunt
570 1669 604 1717 et
622 1673 746 1734 pugnasc
769 1663 931 1718 sedaverunt
951 1680 1053 1720 eorum.
1087 1663 1225 1718 Deinde
1243 1665 1343 1734 prelati
1360 1665 1469 1718 nunctii

350 1753 413 1789 cum
437 1735 625 1805 pervenissent
649 1735 683 1788 ed
709 1752 802 1804 regem
821 1733 944 1803 Francia,
963 1733 1127 1788 Sarracenos
1144 1735 1271 1789 nunctios
1292 1735 1397 1789 soldani
1414 1753 1469 1790 nec

349 1806 442 1860 videre
459 1806 547 1859 voluit
571 1823 622 1860 nec
648 1805 749 1861 audire.
786 1805 919 1860 Nunctios
944 1809 1036 1859 autem
1060 1805 1132 1876 regis
1150 1806 1327 1860 Tartarorum
1353 1811 1380 1860 et
1399 1805 1468 1860 Tar·

349 1883 422 1930 taros
440 1877 559 1947 gloriose
579 1894 610 1930 ac
627 1875 776 1930 honorifice
801 1877 919 1945 suscepit
945 1883 972 1930 ct
996 1877 1153 1946 procuravit
1178 1881 1206 1930 et
1222 1877 1249 1931 le
1269 1877 1376 1932 aciones
1394 1877 1468 1945 ipso-

349 1965 410 2002 rum
436 1948 566 2002 nobiliter
593 1951 621 2001 et
644 1947 749 2001 utiliter
771 1948 936 2002 terminavit.
1043 1947 1078 2002 In
1103 1950 1224 2002 exercitu
1249 2017 1254 2030 ⁸
1276 1949 1344 2001 aroli
1367 1947 1515 2002 Galliciao

349 2017 1147 2170 {tmeissltatuttttbtt‘tttlttttbt
1165 2017 1468 2158 titillabit&

350 2161 388 2215 sic
413 2161 480 2214 nudi
504 2160 538 2214 ad
563 2159 735 2215 vendendum
760 2160 870 2229 publice
894 2178 944 2229 per
969 2161 1118 2214 exercitum
1146 2178 1221 2213 cum
1249 2160 1467 2229 obprobrio,

351 2249 437 2301 quos
454 2231 528 2285 Deus
552 2236 665 2301 propter
690 2249 766 2285 suam
784 2231 973 2285 innocenciam
995 2249 1045 2300 per
1062 2231 1198 2300 quendam
1216 2231 1345 2285 abbatem
1363 2231 1468 2284 ordinis

350 2303 470 2357 sancti
482 2301 626 2357 Benedicti
635 2302 774 2356 avinculis
788 2305 816 2356 et
828 2302 976 2372 obprobrio
988 2302 1116 2356 liberavit
1127 2306 1154 2356 et
1163 2300 1227 2356 dato
1239 2302 1331 2371 precio
1340 2301 1467 2357 redemit.
1480 2313 1514 2352 ae

455 2374 539 2428 Anno
556 2373 668 2428 Domini
685 2371 852 2428 MOOLXX.
880 2371 1053 2427 Germanus<1
1068 2377 1161 2426 sancte
1172 2371 1316 2427 Elisabeth
1328 2372 1362 2426 de
1374 2371 1467 2426 Marc·

351 2445 424 2514 burc,
442 2445 571 2498 videlicet
594 2449 691 2514 potens
716 2462 765 2500 rex
788 2443 863 2512 Dela,
883 2444 911 2496 in
930 2443 1053 2514 Ungarie
1071 2443 1187 2498 feliciter
1205 2443 1280 2499 obiit.
1317 2443 1374 2497 Hic
1393 2445 1467 2498 enim

350 2515 402 2568 fuit
414 2515 465 2569 Dei
484 2533 515 2570 ac
534 2515 619 2568 divini
638 2515 721 2570 officii
739 2515 867 2569 solemnis
885 2519 997 2570 ametor.
1030 2513 1177 2568 Paululum
1194 2519 1257 2584 post
1274 2518 1392 2569 mortem
1405 2532 1466 2584 pre·

349 2586 398 2640 fati
411 2587 483 2656 regis
495 2587 590 2657 regina
601 2604 672 2640 uxor
682 2587 739 2640 eius
752 2590 779 2640 et
792 2603 902 2640 consors
914 2585 1001 2656 regni,
1014 2585 1128 2640 nacione
1139 2584 1237 2654 Greca,
1250 2585 1369 2640 feliciter
1388 2587 1466 2640 obiit.

349 2656 481 2711 Similiter
494 2657 728 2712 christianissimus
739 2673 788 2711 rex
800 2655 916 2710 mancis
927 2655 1090 2710 Ludevricns
1106 2657 1134 2709 in
1146 2657 1368 2727 peregrinacione
1387 2657 1466 2712 obiit.
1479 2667 1514 2706 so

350 2727 435 2781 Filius
444 2745 552 2796 quoque
562 2729 681 2782 eiusdem
691 2727 780 2797 regis
789 2727 961 2781 Ludewici
973 2727 1084 2781 nomine
1090 2727 1227 2782 Iohannes
1237 2727 1309 2796 apud
1319 2732 1426 2798 patrem
1437 2729 1465 2781 in

351 2798 462 2852 eadem
474 2799 696 2869 peregrinacione
705 2815 791 2867 prope
803 2797 917 2852 Terram
926 2795 1056 2852 Sanctam
1069 2797 1097 2851 in
1110 2798 1211 2867 castris,
1220 2815 1276 2852 non
1285 2799 1314 2852 in
1323 2798 1406 2864 bello,
1418 2799 1467 2852 sed

350 2867 425 2923 febre
437 2869 507 2922 sicut
518 2875 668 2938 pateranus
681 2869 750 2924 obiit
761 2887 842 2938 super
851 2885 926 2922 mare
935 2868 1009 2938 apud
1021 2867 1138 2924 Tunisa.
1157 2868 1265 2923 Ibidem
1274 2869 1355 2923 multi
1364 2870 1466 2924 milites

351 2941 378 2994 in
392 2939 549 2993 dissenteria
561 2940 663 2992 mortui
674 2944 745 3006 sunt,
761 2944 789 2995 et
804 2941 884 3008 plura
895 2939 971 2993 milia
982 2939 1189 3022 peregrinorum
1206 2941 1339 2995 submersi
1356 2945 1420 2994 sunt
1438 2941 1468 2994 in

350 3011 426 3066 mari.
454 3010 544 3081 Igitur
561 3027 620 3064 ossa
638 3010 718 3063 huius
729 3010 869 3064 Ludewiei
887 3010 958 3080 regis
977 3015 1004 3064 et
1022 3009 1072 3063 tilii
1090 3011 1148 3064 eius
1159 3010 1290 3066 Iohannis
1308 3012 1469 3066 solemniter
1479 3021 1515 3062 se

350 3081 469 3135 Peridus
496 3085 524 3134 et
549 3079 698 3135 honorifice
722 3086 785 3135 sunt
808 3081 922 3135 reducta
947 3086 975 3134 et
999 3083 1027 3135 in
1052 3081 1195 3151 sepulchro
1220 3085 1329 3152 patrum
1354 3100 1467 3136 suorum

350 3151 499 3206 honorifice
523 3155 587 3206 sunt
608 3153 714 3220 sepulta
738 3153 766 3206 in
791 3153 851 3206 loco
878 3152 988 3206 celebri.
1024 3151 1081 3206 Iste
1099 3152 1261 3207 Ludevvicus
1282 3171 1331 3208 rex
1349 3151 1467 3208 Francia

349 3241 399 3293 per
423 3222 515 3278 omnia
538 3223 689 3288 laudabilis,
714 3223 819 3278 scilicet
840 3223 869 3276 in
895 3223 986 3277 divino
1012 3224 1095 3292 cultu,
1120 3223 1148 3277 in
1174 3223 1281 3278 iudiciis
1305 3223 1418 3292 iustus,
1438 3225 1468 3278 in

350 3294 477 3364 operibus
502 3293 593 3364 pius,
618 3293 646 3348 in
671 3294 797 3348 domibus
821 3294 1011 3364 religiosorum
1038 3293 1208 3349 *edificandis
1232 3312 1264 3349 ac
1288 3295 1317 3348 in
1341 3295 1467 3419 pluribus

349 3365 526 3420 karismatum
546 3365 623 3418 donis
640 3366 800 3435 precellens,
822 3383 902 3420 cruce
921 3365 1042 3436 signatus
1066 3382 1129 3420 eum
1148 3365 1276 3434 Philippo
1295 3369 1324 3420 et
1358 3366 1514 3419 ohanneso

349 3436 412 3490 filiis
436 3436 490 3490 suis
515 3437 543 3490 in
568 3437 831 3491 commemoracione
856 3436 941 3492 sancti
968 3436 1048 3490 Pauli
1073 3436 1108 3490 ed
1132 3436 1372 3506 Aquas-mortuas
1399 3441 1468 3506 aput

349 3507 498 3562 Mamiliam
517 3507 638 3562 ascendit
655 3525 738 3576 nime,
758 3507 867 3562 circiter
885 3525 948 3562 cum
965 3507 1018 3562 LX
1035 3507 1147 3561 milibus
1171 3511 1338 3561 armatorum
1357 3507 1386 3560 in
1403 3509 1467 3562 sub

349 3579 448 3632 sidium
466 3577 551 3633 Terre
570 3577 669 3634 Sancte
687 3579 834 3650 navigans;
853 3579 900 3648 qui
917 3595 993 3632 mare
1011 3595 1066 3632 non
1085 3578 1219 3646 transivit,
1238 3577 1285 3632 sed
1303 3578 1381 3632 febre
1392 3595 1467 3633 mor·
1580 3629 1581 3638 ,

349 3653 412 3702 tuus
437 3649 509 3704 ests.
545 3649 629 3703 Multi
654 3649 701 3702 alii
725 3651 831 3704 nobiles
857 3653 884 3704 at
908 3649 1024 3703 barones
1048 3649 1083 3702 de
1108 3649 1229 3704 eiusdem
1254 3649 1326 3719 regis
1344 3649 1468 3703 exercitu

508 3861 725 3916 consecratum
747 3861 797 3915 eat
817 3858 1043 3915 monasterinm
1066 3857 1108 3914 ad
1122 3855 1250 3914 Portam
1265 3849 1343 3914 ΗΠο
1357 3855 1467 3913 Nonas
1477 3870 1512 3911 so

508 3943 708 4021 Septembris.
816 3945 912 4022 Ipsog
943 3962 1027 4003 anno
1057 3943 1222 4004 cunradus
1250 3945 1314 4002 dux
1344 3943 1467 4002 Swevo·

507 4051 577 4091 rum
600 4036 632 4091 in
656 4035 777 4110 Apulae
800 4052 819 4092 a
842 4033 954 4092 Carulo
977 4051 1049 4110 rege
1073 4034 1245 4092 decollatus
1267 4037 1325 4092 est.

348 4202 370 4250 a)
384 4199 492 4242 chetollce
508 4201 526 4243 1.
580 4199 603 4250 b)
616 4202 647 4240 ete
660 4202 693 4246 m·
714 4201 843 4242 occiderunt
857 4203 875 4244 1.
942 4200 963 4250 a)
977 4201 1008 4240 se'c
1021 4201 1041 4240 B
1054 4211 1101 4240 caes
1115 4201 1180 4243 crea
1194 4201 1248 4244 usa
1261 4201 1333 4246 cest:
1353 4210 1430 4240 eornm
1444 4211 1467 4249 p.

349 4254 393 4297 aad
408 4257 427 4296 1.
481 4251 506 4305 d)
519 4251 603 4293 nodam
616 4265 675 4294 enno
688 4265 756 4303 germ.
769 4275 796 4284 -
810 4255 864 4294 obllt
878 4254 940 4294 asu
954 4253 979 4293 th
990 4257 1040 4303 pest
1054 4260 1106 4294 sunt
1119 4257 1151 4304 (p,
1160 4255 1207 4304 201,
1222 4255 1238 4294 1.
1249 4255 1293 4304 lt),
1308 4263 1362 4304 gese
1376 4265 1418 4296 om.
1432 4253 1466 4296 2¹.

348 4314 370 4358 a)
391 4307 459 4358 'l'ynls
474 4309 496 4354 1:
516 4305 583 4346 (Junls
598 4308 620 4349 0.
686 4307 705 4356 l)
725 4306 778 4346 tvl
796 4309 844 4354 (att
857 4307 910 4346 haec
923 4309 946 4346 ts
960 4307 1107 4347 ammam
1121 4311 1233 4347 contracto
1245 4312 1306 4357 mut)
1319 4307 1383 4349 cdd:
1404 4308 1510 4349 anuto

348 4371 397 4400 cnm
411 4365 500 4400 centnm
519 4359 607 4400 mlllbus
622 4369 687 4400 eruce
703 4361 838 4410 signatorum
856 4367 880 4401 at
898 4362 956 4400 ultra
977 4359 1004 4400 de
1026 4357 1122 4402 dlversls
1139 4362 1215 4410 regnis
1233 4371 1244 4400 e
1259 4373 1285 4411 p.
1298 4361 1345 4410 2⁶1,
1366 4361 1375 4398 l
1395 4360 1422 4400 20
1435 4371 1467 4410 sq.

347 4413 370 4465 g)
384 4415 435 4452 haec
448 4413 510 4452 sata
524 4413 620 4454 savam
635 4416 685 4452 ente
697 4425 722 4463 p.
736 4414 782 4464 257,
801 4415 816 4458 l.
829 4415 863 4464 88,
883 4415 930 4454 vide
944 4425 969 4462 p.
982 4413 1029 4464 256,
1044 4413 1093 4456 n.¹.

1578 3639 1581 3708 l

1577 3715 1580 3802 l
