3186 4844
263 423 445 480 ANNALRS
464 424 656 482 RRPHORD.
675 425 865 482 FRATRUM
883 425 1223 485 PRAEDIOATORUM.
1269 433 1305 488 85

180 630 301 676 omnes
324 613 417 687 eos‘,
442 609 501 692 qui
524 630 585 693 pro
609 609 771 674 hereticis
794 610 896 685 tonsi,
921 612 1140 694 postmodum
1156 611 1304 677 confessi
1314 621 1391 675 1233.

181 704 264 764 sunt
288 699 451 762 iniuriam
474 698 540 762 sibi
563 698 703 762 factam.

289 787 367 851 Hoc
398 788 503 852 etiam
534 807 625 850 anno
649 787 798 851 Sitridus
822 787 1049 872 Moguntinus
1077 789 1197 854 habito
1226 811 1445 862 con-eccasr.

180 877 259 942 silio
284 898 364 942 cum
384 876 558 941 canonicis
574 875 790 960 Moguntinis
814 898 875 959 pro
900 877 952 939 sui
976 878 1223 961 predecessoris
1248 881 1301 945 de·

151 966 273 1036 obitis,
299 965 425 1048 quibus
448 965 666 1049 episcopatus
696 967 764 1028 iam
788 965 920 1028 dudum
943 965 1050 1030 Rome
1079 967 1197 1032 fuerat
1220 968 1301 1032 obli·

178 1060 294 1140 gatus,
318 1055 356 1117 in
378 1059 454 1118 tota
477 1074 540 1118 sua
563 1053 692 1118 diocesi
714 1054 889 1118 redituum
905 1055 1102 1120 vicesimam
1125 1060 1259 1139 partem
1282 1079 1302 1122 a

179 1145 336 1228 personis
352 1143 594 1209 ecclesiasticis
610 1142 728 1226 colligi
750 1143 938 1220 mandarit,
963 1164 1002 1207 ac
1019 1164 1121 1228 super
1137 1146 1202 1209 hcc
1219 1146 1301 1212 dato

179 1233 362 1318 privilegio
386 1253 421 1297 se
445 1253 622 1315 nunquam
646 1253 666 1295 a
690 1232 781 1296 clero
805 1252 867 1297 suo
886 1232 1008 1297 diebus
1032 1233 1102 1296 suis
1118 1235 1301 1317 quicquam
1310 1260 1371 1306 (run.
1379 1261 1422 1310 rs).

179 1322 331 1406 amplius
365 1321 566 1405 petiturum.
626 1319 792 1385 Canonici
826 1321 930 1386 etiam
970 1321 1123 1386 matricis
1158 1322 1301 1389 ecclesie

145 1411 386 1494 rcMcguntine
422 1411 490 1474 fide
524 1409 691 1473 iuratoria
725 1410 1014 1474 confirmaverunt
1045 1431 1082 1476 se
1113 1413 1155 1475 de
1186 1416 1300 1477 cetero

178 1498 317 1563 nullum
347 1500 547 1583 pontificem
578 1497 763 1576 electuros
795 1499 862 1562 nisi
891 1499 927 1561 in
957 1499 1049 1563 idem
1081 1500 1301 1584 privilegium

178 1588 459 1654 consensuruml.
568 1587 645 1651 Hoc
676 1609 767 1651 anno
798 1587 867 1650 III.
893 1587 977 1652 Idus
1001 1588 1124 1653 Marcii
1152 1589 1416 1659 Siiridusuanna

177 1677 385 1761 Moguntine
409 1677 500 1741 sedis
523 1677 801 1760 archiepiscopus
817 1676 998 1760 Moguntie
1014 1678 1199 1742 concilium
1216 1680 1300 1744 eele-

178 1767 303 1840 bravit‚
328 1766 551 1850 pontificatus
574 1766 628 1829 sui
652 1786 742 1829 anno
766 1765 836 1828 III.

143 1880 168 1918 1⁵
286 1855 363 1918 Hoc
387 1875 478 1918 anno
495 1855 643 1918 maxima
665 1855 735 1918 fuit
758 1855 950 1932 inundatio,
974 1874 1041 1936 que
1064 1875 1229 1939 magnum
1250 1857 1299 1921 in-

177 1943 263 2008 tulit
288 1945 452 2007 damnum
476 1937 810 2026 Erphordensibusl.

284 2033 388 2097 Anno
404 2032 545 2096 Domini
561 2030 852 2096 MOOXXXIIII.
876 2032 949 2096 Rex
965 2032 1152 2097 Heinricus
1168 2035 1298 2098 curiam
1307 2011 1397 2124 3342

176 2121 381 2186 sollemnem
392 2121 653 2185 l'ranlrenerurt
664 2121 701 2184 in
714 2121 954 2204 purificatione
968 2120 1164 2199 celebravit,
1178 2124 1297 2187 multis

177 2210 308 2276 ibidem
331 2210 544 2293 principibus
568 2213 604 2274 et
627 2209 795 2294 episcopis
819 2211 1036 2294 congregatis
1053 2231 1092 2276 ac
1109 2211 1296 2276 multorum

140 2301 339 2364 merdinum
355 2299 533 2376 fratn‘bus,
558 2297 690 2363 scilicet
707 2297 1000 2376 Cisterciensibus‚
1019 2299 1297 2365 Predicatoribus

85 2394 282 2472 amatque
310 2388 504 2452 Minoribus
534 2393 570 2452 et
600 2388 723 2453 ceteris
754 2387 922 2471 religiosis
953 2389 1117 2472 personis.
1153 2388 1296 2472 *Itaque

177 2478 298 2541 multis
329 2477 480 2541 consiliis
511 2497 613 2562 super
641 2477 723 2542 fidei
752 2477 895 2560 negocio
924 2476 1124 2560 probabitis,
1155 2479 1296 2542 tandem

177 2567 219 2631 de
244 2566 372 2630 litteris
396 2565 528 2630 domini
551 2587 638 2650 pape
662 2586 772 2649 nuper
799 2567 843 2629 ad
867 2565 996 2630 curiam
1021 2565 1145 2630 delatis
1170 2567 1296 2650 discep-

176 2657 267 2719 tatio
297 2676 367 2719 non
396 2655 532 2719 modica
560 2655 640 2718 fuit.
688 2654 864 2737 Siquidem
888 2655 1060 2738 plerisque
1091 2676 1152 2738 per
1176 2655 1297 2720 Teuto-

140 2746 271 2809 aniam
296 2744 437 2828 prelatis
461 2764 501 2808 ac
526 2743 658 2808 clericis
681 2764 743 2808 seu
766 2743 869 2808 etiam
901 2743 998 2808 laicis
1028 2745 1185 2828 magistri
1209 2744 1296 2809 Oun-

176 2833 253 2897 radi
276 2833 442 2896 visitandi
464 2833 635 2897 hereticos
659 2853 719 2898 seu
743 2833 962 2897 examinandi
985 2833 1097 2897 forma
1117 2833 1296 2916 displicue-

176 2927 245 2998 rat,
277 2921 441 2986 videlicet
471 2925 511 2984 ut
542 2921 665 3004 aliquis
694 2921 886 2985 infamatus
916 2920 979 2985 ab⁰
1014 2922 1127 2986 heresi
1156 2921 1296 3006 publico

176 3011 328 3076 examini
361 3015 619 3094 presentaretur
649 3015 684 3076 et
713 3011 891 3075 confessus
922 3031 1071 3075 errorem
1101 3031 1140 3075 ac
1170 3010 1296 3075 reverti

175 3101 296 3164 volens
320 3099 532 3174 tonderetur,
558 3120 655 3163 suam
678 3119 758 3164 vero
782 3099 1016 3163 innocentiam
1039 3100 1107 3164 fide
1130 3100 1297 3164 iuratoria

140 3189 379 3266 rodefendens,
411 3193 531 3273 postea
559 3189 736 3252 convictus
760 3209 821 3272 pro
852 3182 1026 3253 hereticod
1054 3190 1265 3253 cremaretur
1274 3190 1295 3250 ².

177 3277 397 3362 Quapropter
419 3282 498 3361 post
514 3277 698 3342 concilium
723 3299 812 3341 anno
829 3277 995 3361 preterito
1011 3277 1192 3360 Moguntie
1212 3276 1385 3344 cele-1233.

175 3367 316 3432 bratum
338 3387 399 3431 rex
422 3370 457 3431 et
480 3366 707 3451 Moguntinus
731 3387 770 3430 ac
791 3365 1024 3430 Trerirensis3
1046 3365 1296 3448 archiepiscopi

175 3455 378 3520 Cunradum
402 3455 640 3520 scolasticum⁰
669 3455 864 3540 Spirensem
888 3456 932 3518 ad
956 3454 1085 3518 curiam
1106 3453 1295 3518 Romanam

175 3545 393 3610 destinantes
431 3544 560 3608 domini
599 3565 687 3628 pape
726 3543 908 3608 consilium
955 3563 1058 3626 super
1098 3543 1296 3607 huiusmodi

131 3635 289 3699 reforma
312 3633 478 3698 sciscitati
501 3636 592 3698 sunt.
628 3633 739 3718 Super
758 3633 883 3716 quibus
906 3652 996 3716 papa
1011 3631 1111 3698 valde
1135 3631 1295 3698 turbatus

175 3727 210 3786 et
238 3745 258 3786 a
283 3722 526 3798 cardinalibus,
546 3723 671 3806 quibus
694 3722 876 3805 negocium
900 3741 961 3806 per
976 3721 1044 3784 iam
1062 3723 1193 3787 dictum
1210 3721 1294 3787 Gon·

173 3812 298 3876 redum
328 3811 568 3876 scolasticum⁰
595 3812 804 3890 innotuerat,
829 3811 1003 3888 inductus,
1032 3812 1188 3896 magistri
1207 3810 1295 3875 Oun-

174 4003 197 4051 ι)
210 4003 262 4050 scre.
277 4006 302 4042 st
316 4013 391 4042 omnes
405 4003 420 4041 li
435 4003 552 4050 isuardum.
580 4003 640 4042 cera
653 4007 777 4052 comptam
793 4003 945 4051 aliquomodo
962 4011 1006 4041 een
1018 4001 1074 4039 honr
1088 4001 1215 4039 ceurennum
1225 4003 1295 4049 patet,

174 4067 220 4094 cum
236 4057 305 4106 ipsos,
325 4057 381 4106 quod
395 4056 515 4105 praeessu,
536 4059 555 4092 et
573 4066 610 4094 eos
629 4057 667 4095 hoo
681 4057 727 4095 Ioco
740 4066 784 4094 non
797 4060 857 4094 stare
871 4057 948 4105 possit.
1015 4053 1038 4104 b)
1059 4053 1262 4102 Rrphordlensibus
1277 4054 1295 4096 1.

139 4113 195 4160 400)
208 4109 236 4157 es.
249 4121 320 4160 snpra
330 4121 356 4158 p.
366 4110 400 4158 84,
415 4109 430 4150 l.
440 4110 471 4151 13.
526 4108 548 4159 d)
562 4109 643 4152 erum.
657 4110 732 4158 Percu
747 4119 787 4158 per
801 4109 924 4149 hereticum
939 4112 958 4152 1.
1012 4111 1033 4156 e)
1047 4107 1150 4149 scholam
1166 4109 1184 4148 l.

176 4271 202 4336 1)
226 4270 291 4322 Vide
315 4269 419 4322 litteras
443 4269 493 4320 bac
517 4269 548 4322 de
573 4269 702 4320 rectatus
720 4268 974 4332 a.1233.1un.18,
1000 4266 1031 4318 de
1050 4265 1185 4332 Gudmue,
1206 4265 1296 4318 Codex

175 4341 240 4408 drpl.
260 4342 285 4406 Ι,
306 4358 336 4408 p.
349 4343 403 4396 525
415 4357 463 4407 su,
483 4357 527 4396 nr.
539 4343 600 4396 209.
685 4339 713 4408 2)
733 4340 775 4404 Of.
795 4341 869 4406 epist.
888 4338 1024 4404 sigefridi
1044 4335 1161 4404 archiep.
1181 4335 1297 4402 Mogun-

175 4413 234 4478 tr'm',
254 4413 366 4480 Aleria,
386 4412 434 4466 SS.
447 4410 560 4478 XXIII,
576 4428 607 4478 p.
621 4413 680 4468 931.
753 4413 780 4477 3)
804 4409 978 4462 Theodericus
995 4407 1034 4461 II.
