3216 4854
256 1419 540 1508 CHRONIOI
570 1420 846 1507 SAXONIOI
879 1418 1282 1507 CONTINUATIO

351 1554 750 1669 (THURINGIOA)
781 1553 1190 1642 ERFORDENSIS.

317 1732 401 1812 Non
437 1745 545 1826 facere
577 1765 720 1826 possum,
755 1744 835 1826 quin
868 1742 1134 1810 continuationem
1174 1745 1330 1812 Chroniei

212 1832 366 1901 Senonici
388 1857 419 1900 a.
440 1839 667 1898 1227—1353.
692 1855 713 1898 a
732 1833 902 1899 hideuica
920 1832 1073 1898 Weiland
1094 1834 1170 1898 olim
1192 1834 1328 1900 editam¹

175 1931 239 1990 oet
261 1925 300 1990 ab
324 1945 358 1989 eo
378 1922 612 2005 Thurinpicam
634 1922 752 1988 dictam
773 1921 953 1987 insterlaco
975 1929 1176 1988 monumenta
1191 1923 1329 2006 normes-

209 2012 369 2093 furtensia
403 2019 555 2094 repetam,
586 2010 730 2094 quamuis
758 2010 864 2076 maior
897 2010 965 2076 eius
992 2031 1074 2092 pars
1108 2011 1228 2078 nullius
1261 2012 1329 2093 sere

210 2100 357 2167 momenti
379 2101 423 2166 sit
443 2122 551 2166 rernm
570 2106 731 2182 pasturum
752 2098 910 2185 scriptori.
945 2100 1032 2165 Eam
1054 2100 1139 2166 enim
1157 2103 1329 2184 aquodam

210 2189 407 2271 Erfordensi
435 2189 586 2272 scriptam
615 2209 681 2254 esse
702 2188 801 2269 facile
823 2195 868 2254 est
889 2188 1024 2272 capuitu,
1054 2212 1092 2254 ac
1114 2189 1223 2272 miror,
1247 2193 1331 2273 quod

206 2279 333 2361 primus
347 2278 457 2360 editor,
480 2277 532 2344 uir
547 2277 657 2360 optimi
671 2276 786 2358 niardi,
810 2277 867 2343 loc
884 2298 950 2342 non
965 2279 1172 2360 perspexerit.
1208 2279 1330 2345 Auctor

165 2390 191 2428 ιο
210 2367 303 2449 urim,
327 2375 362 2432 nt
390 2366 551 2434 Chronico
572 2365 750 2431 irnioersali
777 2365 969 2432 Germanico
995 2366 1108 2449 linqua
1135 2367 1330 2434 Garumnica

210 2457 385 2538 emiseripto
415 2454 682 2522 continuationem
711 2453 924 2537 mdiunperet,
949 2463 1094 2537 excerpta
1123 2457 1231 2539 ampla
1256 2456 1329 2522 Oro·

210 2545 302 2612 nicae
326 2547 360 2611 S.
380 2544 470 2612 Petri
492 2541 705 2625 Ersordensis
733 2543 902 2608 nmdernae
931 2542 968 2608 in
990 2543 1134 2627 linquam
1161 2544 1329 2612 Gaulani-

210 2657 279 2700 carn
301 2633 402 2716 uertit,
426 2634 463 2699 in
485 2632 599 2716 auibus
621 2630 787 2713 aliquoties
809 2633 964 2713 quaedam
993 2632 1128 2715 addidit,
1156 2655 1195 2699 en
1216 2634 1330 2716 auibus
1407 2682 1412 2691 .

209 2745 280 2789 curn
294 2722 474 2804 Ersordiae
496 2721 614 2787 ciuisse
636 2727 778 2802 apparet.
821 2720 885 2785 Sub
915 2743 945 2786 a.
974 2727 1070 2786 1232.
1101 2721 1186 2787 euim
1207 2723 1328 2803 fratres

174 2835 200 2876 a
210 2811 359 2877 Minores
373 2811 448 2876 olim
463 2817 554 2876 entra
570 2816 698 2893 portam
713 2810 944 2890 Erfordensem
963 2809 1080 2875 dictam
1095 2811 1330 2894 Krampfentor

210 2901 362 2966 resedisse
383 2899 557 2980 adnotavit,
588 2921 617 2964 a.
645 2904 740 2963 1283.
771 2899 927 2980 quaedam
956 2900 994 2964 de
1016 2899 1154 2966 Volrada
1183 2899 1329 2966 seditioso

209 2988 371 3070 Erfordia
393 2990 520 3071 upuuo
543 2987 677 3069 addidit,
702 2993 842 3052 α.1290.
868 2987 1008 3052 comilem
1029 2987 1173 3056 iuuenem
1188 2991 1226 3054 (lc
1242 2989 1328 3055 Kar·

212 3079 422 3162 reuelleboyen
445 3076 624 3158 Erfarcliae
652 3083 808 3142 mortuum
839 3075 877 3141 in
906 3077 1036 3142 ecelesia
1058 3078 1200 3158 fratrum
1222 3078 1329 3144 Mino·

211 3189 283 3233 rum
305 3168 459 3248 sepultum
481 3187 546 3232 esse
568 3165 727 3246 adiunxit,
751 3165 789 3230 in
811 3164 942 3230 ecclesia
958 3165 1158 3232 Saccitarum
1181 3189 1210 3232 a.
1233 3173 1326 3233 1291.

174 3257 368 3322 incommista
390 3277 446 3321 suo
470 3263 603 3338 tempore
620 3273 725 3319 seruos
744 3255 777 3319 S.
790 3253 926 3319 Mariae
948 3253 1087 3320 residere
1109 3256 1239 3322 notavit.
1275 3257 1330 3321 Ea

210 3345 262 3410 liis
283 3344 350 3410 iam
366 3351 457 3428 patet
479 3345 560 3409 locas
582 3349 611 3408 et
632 3343 778 3408 ecclesias
799 3341 890 3408 urbis
912 3342 1125 3422 Erfurdensis
1154 3367 1224 3410 cnm
1254 3347 1329 3410 bene

210 3433 343 3516 nouisse,
373 3434 457 3515 quod
489 3431 660 3499 certissime
693 3431 890 3514 capnoseitur
920 3453 950 3497 a.
978 3438 1072 3514 1309,
1102 3433 1157 3498 ubi
1192 3433 1330 3500 Oronica

212 3525 244 3588 S.
262 3523 353 3589 Petri
375 3521 531 3601 referente
546 3520 628 3586 ciues
642 3520 858 3600 Erfordonses
872 3520 1036 3586 manuelis
1051 3521 1176 3587 Montis
1193 3523 1226 3588 S.
1240 3523 1330 3588 Petri

209 3612 391 3677 introilum
416 3615 451 3678 ei
470 3612 599 3678 exitum
624 3610 775 3675 civitatis
799 3631 937 3692 neyasse,
961 3609 1029 3692 ipse
1052 3610 1135 3675 nteit
1157 3611 1240 3677 ciues
1255 3633 1328 3694 por-

174 3707 276 3766 utam
299 3699 417 3766 dictam
432 3701 626 3766 Lau-mentor
648 3696 808 3779 lapidibus
830 3698 1027 3780 conclusisse,
1047 3721 1107 3780 per
1129 3721 1225 3781 quam
1247 3701 1330 3766 uide-

210 3789 282 3855 licet
310 3809 349 3854 cn
370 3791 447 3854 urbe
475 3791 519 3854 ad
541 3787 684 3852 Mentem
708 3787 741 3851 S.
759 3785 849 3852 Petri
871 3787 987 3852 datur.
1039 3787 1102 3870 Qui
1130 3795 1241 3855 auctor
1263 3790 1328 3872 qui·

210 3879 280 3944 dem
294 3877 423 3958 studuit,
447 3884 482 3942 nt
496 3875 639 3942 chronici
653 3874 847 3941 uniuersalis
861 3875 1130 3943 continuationem
1145 3899 1330 3960 componens

204 3973 335 4049 praeter
362 3965 564 4048 Thurinpica
593 3987 631 4030 ea
660 3963 811 4046 reciperet
841 3985 922 4046 auae
951 3965 991 4030 ab
1020 3965 1277 4050 imperatoribus,
1308 3989 1330 4032 a

211 4055 345 4139 repitus,
376 4079 397 4122 a
420 4054 636 4138 pontificibus,
665 4051 704 4117 in
730 4052 832 4118 Terra
863 4052 984 4118 Sancta
1011 4062 1099 4136 qesta
1127 4055 1164 4120 in
1191 4056 1329 4122 (ironica
1368 4133 1369 4138 γ

174 4177 201 4216 u
212 4147 245 4211 S.
264 4144 354 4210 Petri
376 4145 593 4225 tradebantur,
616 4143 672 4206 scd
690 4141 847 4222 pmmulta
869 4141 965 4208 etiam
989 4143 1206 4224 Erfordcnsia
1229 4145 1327 4230 clepit,

212 4339 239 4406 1)
256 4337 392 4390 ‘ouium
411 4337 581 4390 commu
601 4335 640 4404 Π,
666 4353 695 4404 p.
713 4334 871 4389 osi-319.
