3240 4858
258 357 425 414 ORONIOA
437 359 465 416 S.
475 359 591 416 PETRI
603 359 864 418 naroaaunsls
877 361 966 420 MOD.
986 363 1021 419 A.
1033 365 1216 422 lass-1290.
1253 367 1306 422 293

184 543 328 606 nimiam
357 543 426 606 vim
456 547 638 609 ventorum
668 545 779 610 multa
808 545 905 610 milia
938 546 1116 612 hominum
1146 549 1181 610 in
1217 554 1393 632 aqualis&

186 651 253 714 que
286 635 431 697 vocatur
460 633 572 698 Lacus
606 654 712 720 prope
747 635 923 700 civitatem
958 635 1191 701 Lubecenrem
1227 657 1304 702 cum

185 721 434 804 omnibusque
464 722 640 787 habebant
670 723 772 787 simul
796 744 873 789 cum
897 724 1042 789 naribus
1065 725 1305 791 miserabiliter

186 809 355 874 submersi
378 814 470 874 sunt.

150 919 168 958 a
293 899 395 964 Anno
418 899 560 964 Domini
583 899 875 964 MOOLXXXIX.
918 901 1062 966 Duobus
1086 902 1227 967 electis1
1250 904 1394 967 ad·1289.

187 989 255 1052 huc
278 987 387 1052 Rome
411 987 661 1053 altercantibus
692 990 734 1054 de
757 989 967 1075 episcopatu,
992 991 1133 1055 tandem
1156 990 1305 1056 Domino

186 1077 391 1160 disponente
415 1077 573 1141 dominus
596 1099 686 1163 papa
702 1078 1035 1163 archiepiscopatum
1051 1079 1305 1163 Mogontiacen·

186 1171 279 1230 sema
307 1186 385 1230 cum
408 1165 527 1230 debita
548 1167 809 1232 confirmacione
833 1170 869 1232 et
888 1168 1149 1233 consecracione
1171 1189 1326 1255 necnon(

187 1257 223 1318 et
258 1254 364 1339 pallio
399 1248 608 1340 porrexisse
637 1255 776 1320 domino
811 1255 990 1321 Gerhardo
1024 1258 1067 1320 de
1100 1256 1306 1341 Eppinstein

150 1366 178 1404 ιο
187 1344 369 1426 omniaque
391 1343 487 1407 illius
511 1344 678 1409 beneficia
700 1345 811 1409 multa
834 1348 870 1409 et
884 1344 985 1410 valde
1008 1345 1099 1410 bona
1117 1345 1303 1422 distribuit,

187 1432 322 1515 sicque⁰
351 1434 395 1497 ad
419 1436 534 1517 partes
558 1431 740 1498 Germanic
762 1427 833 1499 ire‘l
859 1434 1022 1519 precepit.
1315 1495 1328 1520 .
1393 1495 1399 1516 ,

294 1521 431 1586 ‘Anno‘³
468 1521 609 1586 Domini
643 1521 812 1586 MOOXO.
864 1521 1036 1588 Rudolfus
1074 1523 1305 1587 Romanorum
1315 1496 1405 1605 spii

186 1629 246 1673 rex
276 1631 366 1674 anno
399 1610 498 1694 regni
532 1611 586 1674 sui
620 1611 899 1695 septimodecimo
932 1611 1133 1695 perveniens
1162 1611 1304 1674 Thurin·

187 1693 301 1784 giamf
332 1699 477 1763 intravit
508 1699 737 1783 Erphordiam
771 1701 807 1763 in
842 1701 1013 1764 crastinog
1048 1703 1165 1765 sancte
1199 1699 1406 1764 Luciam

150 1809 265 1852 recum
296 1789 443 1852 maximo
474 1789 641 1852 comitatu
671 1789 864 1874 principum
891 1809 931 1852 ac
954 1788 1122 1854 nobilium
1146 1789 1305 1873 plurimo·

186 1897 273 1953 rum,
299 1881 334 1941 et
358 1881 536 1961 susceptus
560 1870 633 1942 est¹¹
661 1898 738 1942 oum
762 1871 926 1941 maxima¹
955 1877 1173 1943 solemnitate
1195 1879 1233 1941 in
1256 1897 1306 1942 ec·

188 1966 293 2030 clesia
322 1968 440 2030 sancte
470 1959 601 2031 Mariek
627 1966 670 2031 ab
701 1967 793 2031 omni
824 1966 915 2032 clero
945 1970 980 2032 et
1004 1965 1131 2051 populo
1156 1967 1306 2030 civitatis

188 2076 266 2119 cum
290 2055 449 2120 crucibus
472 2058 508 2119 et
530 2054 684 2138 reliqniis
708 2059 915 2120 sanctorum.
962 2054 1030 2134 Qui
1060 2055 1207 2138 gloriose
1237 2075 1306 2119 sus-

188 2145 308 2228 ceptus
332 2143 487 2228 precepit
511 2143 667 2208 districte
690 2139 835 2209 servari¹
865 2165 994 2228 pacem,
1018 2144 1217 2209 faventibus
1239 2144 1306 2208 sibi

150 2233 232 2296 acad
256 2233 322 2297 hoc
347 2232 477 2296 civibus
494 2232 802 2317 Erphordensibue,
827 2233 983 2316 quicum
1007 2233 1176 2298 militibus
1198 2233 1306 2317 ipsius

188 2321 279 2404 regis
302 2321 427 2385 armati
451 2325 615 2386 exeuntes
646 2322 969 2407 conprehenderunt
996 2322 1033 2386 in
1057 2321 1216 2386 Ilminam
1238 2321 1307 2384 XX

189 2413 225 2475 et
254 2430 377 2474 novem
407 2410 585 2496 predones,
610 2431 694 2493 quos
724 2411 898 2494 predictus
928 2431 987 2475 rex
1010 2410 1236 2495 personaliter
1259 2431 1306 2475 se

79 2499 274 2566 ‘affl-dens
304 2519 366 2582 pro
393 2498 563 2563 tribunali
596 2499 633 2562 in
659 2498 779 2584 vigilia
808 2499 920 2563 sancti
951 2499 1120 2564 'Thome⁰
1154 2500 1307 2583 precepit
1317 2518 1366 2562 aa.
1375 2519 1408 2561 so.

189 2587 446 2652 sentencialiter
469 2591 566 2652 extra
589 2607 703 2652 muros
726 2587 938 2672 Erphordie⁰
959 2586 1134 2653 decollari.
1173 2587 1307 2671 Exque

152 2675 283 2740 refecto
312 2679 424 2740 terror
453 2676 560 2760 ipsius
589 2676 690 2740 irruit
720 2697 822 2761 super
851 2697 968 2742 omnes
998 2675 1247 2754 malefactores,
1272 2661 1443 2764 θὴῖξξξῗοιξ·

188 2765 389 2848 fugieruntl’
417 2786 438 2828 a
466 2765 556 2830 facie
587 2765 669 2840 eius,
700 2765 880 2830 audientes
911 2765 1062 2831 edictum
1091 2765 1182 2848 regis
1205 2786 1308 2849 super
1316 2785 1395 2834 aaa.
1403 2785 1435 2836 ιο,
1444 2785 1478 2829 a.

190 2873 273 2937 pace
297 2851 553 2938 promulgatum
584 2875 661 2918 cum
688 2853 813 2937 gladiis
837 2854 1040 2920 confirmari.
1086 2854 1189 2938 Ipsos
1216 2875 1306 2919 anno

190 2942 349 3006 dominus
366 2939 565 3007 Gerhardus
588 2943 865 3029 archiepiscopus
881 2943 1106 3026 Mogontinus
1128 2943 1165 3006 in
1188 2942 1307 3026 vigilia

189 3031 301 3096 sancti
324 3030 454 3096 Thome
478 3031 706 3114 Drphordiam
728 3032 869 3097 veniens
901 3033 944 3096 ab
968 3032 1127 3097 universo
1151 3031 1242 3096 clero
1267 3052 1406 3096 acharo.

152 3120 317 3206 apopulo
341 3119 491 3185 civitatis
514 3120 701 3186 honorifice
724 3125 776 3186 est
800 3125 1013 3204 susceptus¹.

296 3209 398 3274 Anno
428 3208 569 3273 Domini
598 3208 788 3274 Moeno·
828 3209 987 3274 dominus
1016 3209 1189 3273 Rudolius
1223 3205 1300 3272 rert

189 3297 320 3362 curiam
344 3318 441 3362 suam
464 3297 656 3381 Erphordie
680 3297 866 3362 celebravit
888 3298 925 3361 in
948 3297 1039 3363 festo
1061 3297 1188 3362 natalis
1213 3295 1409 3360 Chri-nmo.

189 3387 235 3450 sti
259 3387 423 3472 proximo,
448 3386 618 3469 adquam
640 3387 775 3452 rocatiu
803 3390 1037 3452 convenerunt
1060 3387 1102 3451 de
1126 3385 1247 3450 vicinis
1271 3388 1306 3449 et

189 3629 212 3680 ι)
232 3641 321 3682 mogon.
335 3633 359 3679 13
381 3635 487 3682 mogunt·
502 3631 528 3676 Ε.
594 3630 618 3681 b)
638 3630 760 3673 dlrexltE
833 3632 853 3678 c)
873 3629 944 3673 alell.
1022 3625 1046 3678 d)
1067 3625 1163 3668 redlra
1176 3625 1308 3675 mmai),

151 3683 211 3730 dte)
226 3684 278 3722 hoec
292 3684 354 3724 laba
368 3685 407 3724 ΕΙ
429 3683 523 3734 (Eodem
544 3684 611 3735 anno)
631 3688 686 3723 rocla
700 3685 729 3724 od
748 3695 769 3726 a.
783 3683 843 3732 1889,
861 3683 898 3722 ud
912 3683 939 3726 Α.
962 3683 999 3731 1).)
1012 3681 1115 3725 MGOXG.
1128 3683 1174 3720 tam
1187 3680 1209 3723 h.
1222 3679 1238 3722 l,
1252 3681 1270 3722 l.
1284 3677 1309 3718 Ε.

195 3735 279 3779 ΚΜ,
319 3737 414 3788 natal.
428 3737 552 3786 E,·ln¹1'h.
566 3738 592 3780 R.
633 3737 700 3786 mic
714 3740 733 3780 1.
747 3733 864 3784 arc-dn
879 3737 929 3778 add.
959 3763 965 3776 .
1006 3735 1120 3789 morali.
1159 3734 1270 3826 lpmagna
1284 3732 1309 3771 a.

191 3791 213 3839 k)
228 3790 322 3840 virginis
337 3791 388 3834 odd.
401 3791 427 3834 Ε.
474 3791 490 3839 l)
504 3801 596 3830 sanare
610 3791 685 3830 eadem
699 3801 765 3830 manu
779 3801 835 3832 corr.
849 3790 936 3830 sanari
950 3791 969 3832 1.
1014 3791 1044 3837 m)
1059 3788 1153 3828 ernena
1186 3817 1192 3830 .
1232 3788 1257 3834 n)
1270 3797 1309 3836 ap·

189 3843 271 3894 ponor
285 3844 371 3887 auru.
424 3843 447 3894 ο)
461 3845 561 3895 apra
575 3835 690 3886 erroris.
748 3846 771 3894 p)
784 3843 854 3886 nou.
867 3843 894 3885 a.
909 3842 942 3891 rr,-
960 3843 1067 3892 rugeam
1081 3844 1104 3892 1;
1119 3842 1147 3888 or.
1157 3841 1238 3890 aar,
1252 3839 1310 3882 are.

191 3899 213 3948 q)
228 3899 281 3947 Ipso
294 3917 320 3927 -
334 3902 451 3947 susceptus
464 3909 505 3940 om.
519 3897 545 3948 Ε,
567 3897 604 3936 ubi
617 3897 639 3940 h.
652 3897 667 3940 l.
680 3901 805 3948 mutar,
820 3907 874 3946 puae
887 3897 950 3944 lurra
964 3907 991 3945 p.
1004 3895 1050 3942 ³00,
1072 3896 1086 3937 l.
1100 3895 1126 3934 18
1139 3905 1185 3944 sqq.
1204 3893 1310 3943 lumem.

150 3953 210 4002 dor)
223 3951 319 4000 marcum
334 3951 403 3990 lineae
416 3961 506 3990 vacuum
521 3951 560 3994 rel.
570 3953 591 3991 1.
632 3953 651 3998 s)
664 3951 696 3992 etc
709 3951 730 3992 t.
740 3951 754 3993 l.
769 3949 824 3993 ΚΕ
831 3950 903 3997 (Dom.
919 3951 976 3996 om.).
991 3947 1044 3988 Μ
1059 3949 1095 3998 (Α,
1105 3949 1133 3991 D.
1148 3948 1207 3998 θυιὰς
1224 3944 1310 3986 nodam

190 4015 249 4045 anno
263 4006 282 4048 1.
296 4004 341 4053 (0).
382 4001 400 4055 r)
413 4005 444 4044 alc
458 4006 478 4048 1.
486 4005 518 4054 Ε,-
532 4005 683 4044 Romanorum
697 4003 748 4047 add.
757 4002 815 4046 Μ.
825 4003 851 4046 Ε.
891 4001 915 4052 u)
929 4001 1033 4042 advocati
1046 4001 1072 4046 Ε.
1085 4021 1112 4033 -
1125 4005 1237 4041 venerunt
1250 3998 1309 4040 Μ.

193 4201 218 4266 1)
238 4199 380 4253 Gerhardo
397 4199 479 4264 infra
496 4199 564 4252 dioto
581 4203 604 4252 ct
622 4199 743 4252 Emerico
760 4198 791 4252 dc
809 4197 961 4261 Sobonecbe,
981 4201 1198 4265 wmrrr'eupra
1214 4197 1310 4248 mentio

189 4287 244 4324 aon
263 4271 356 4323 babilo
373 4279 419 4324 cat.
503 4273 532 4336 2)
553 4269 605 4322 Die
629 4269 712 4322 Mart.
733 4271 758 4324 6.
777 4285 836 4321 mm
859 4268 1035 4334 coafimrcrit,
1060 4270 1129 4336 apr.
1147 4271 1173 4324 8.
1195 4267 1312 4336 pallium

188 4345 216 4396 ci
232 4342 311 4396 dedit.
349 4341 391 4406 Of.
412 4343 492 4396 Geato
510 4341 661 4394 Romana·
683 4356 703 4396 c.
722 4343 748 4407 2,
774 4340 823 4395 SS.
842 4339 951 4404 XXIV,
973 4354 1001 4406 p.
1020 4341 1082 4395 466.
