3248 4856
436 349 554 404 LIBER
572 349 821 406 ORONIGORUM
839 349 1108 407 nRFORDnNSIS.
1278 356 1329 410 731

157 519 171 560 '
217 553 269 597 nr.
294 537 367 613 329,
399 532 498 596 eurr.
522 532 589 613 foe,
622 538 683 596 12s
711 532 870 614 solman,
900 553 1032 616 qaae
1060 534 1263 614 fl1-115‘.
1294 535 1331 600 a

217 621 311 687 binas
326 621 488 686 columnas
503 621 688 703 nauoque
702 621 815 702 diuisa,
840 621 975 686 diensis
988 621 1136 688 manibus
1153 643 1234 688 saec.
1249 623 1286 687 X
1292 624 1328 689 V.

210 731 271 793 per
282 709 365 775 uices
378 709 442 774 sibi
452 709 684 776 succedentibus
695 730 760 776 non
771 709 870 776 ninris
879 712 1024 777 nendne
1034 710 1185 793 scriptum
1196 711 1332 776 Librum

217 797 413 864 cronicorum
443 797 611 863 continent.
662 798 776 864 Onnes
805 799 927 864 litterae
956 797 1099 864 initiales
1127 805 1156 865 et
1173 799 1330 866 ·rnbrieae

194 886 315 952 eminio
348 886 536 952 inserendae
569 889 688 969 deant,
723 889 778 953 sed
810 887 925 952 barum
957 889 1112 970 quaem
1140 887 1208 954 iarn
1237 889 1331 971 nipro

217 982 392 1041 aucmento
409 975 627 1058 praescriptae
650 983 732 1058 sunt,
751 975 873 1058 partim
895 976 932 1042 in
947 981 1039 1058 testu
1058 977 1233 1059 partimin
1246 998 1330 1042 ruar-

214 1063 289 1146 pine
305 1063 439 1146 positae,
463 1085 599 1146 quarum
620 1064 801 1146 particulae
825 1087 846 1130 a
868 1063 1037 1148 bibliopepo
1060 1064 1200 1131 abscisae
1223 1072 1297 1132 sunt
1308 1067 1328 1128 ¹.

221 1153 335 1220 Omnes
356 1152 425 1233 fere
454 1152 579 1218 numni
607 1152 711 1236 siquis
732 1152 886 1219 Arabicis
914 1153 1025 1236 scripti
1047 1160 1128 1235 sient,
1158 1153 1330 1236 inquibus

216 1262 286 1307 sero
309 1262 400 1322 saepe
422 1241 578 1323 amissum,
601 1248 638 1306 ut
658 1241 846 1308 scriberetur
871 1247 931 1306 167
957 1261 1020 1324 pro
1046 1248 1141 1307 1067.

181 1355 207 1394 ιο
322 1328 378 1413 2⁸)
403 1329 601 1396 bibliothecae
617 1330 786 1413 palatinae
808 1330 1133 1397 Vindobonensis
1154 1353 1206 1396 nr.
1231 1338 1327 1396 3875.

218 1415 320 1496 (Hist.
344 1418 433 1501 prof.
458 1417 539 1500 470)
550 1421 571 1501 ²,
602 1419 701 1485 cbart.
725 1418 792 1500 fol,
823 1424 865 1483 28
888 1419 1048 1500 foliorunn,
1079 1420 1168 1499 foede
1197 1427 1226 1486 et
1247 1441 1329 1486 nen-

216 1507 323 1573 dosins
345 1528 425 1573 saec.
441 1507 520 1573 XV.
544 1529 612 1574 una
625 1507 891 1590 manuscriptus,
916 1514 961 1573 est
974 1509 1187 1591 frapnsenturn
1209 1515 1329 1574 sentam

210 1603 336 1679 partem
358 1595 434 1661 libri
456 1601 578 1661 tannen
600 1596 770 1678 continens,
800 1596 916 1678 incipit
941 1596 978 1662 in
999 1596 1135 1662 historia
1161 1597 1329 1664 Octauiani
1417 1673 1423 1682 ‚

215 1685 353 1768 Anpusti
362 1686 382 1747 ³.
430 1686 540 1767 Lonpo
569 1692 704 1768 tempore
723 1684 784 1750 'bic
813 1687 907 1750 eaden
935 1685 1050 1751 annus
1072 1685 1167 1751 Libri
1193 1685 1329 1752 nonies·

180 1795 286 1846 1⁶rnrn
316 1774 496 1840 habebatur.
548 1773 625 1840 Oura
652 1773 847 1854 Lasubecius,
884 1772 1051 1840 Oonunent.
1076 1775 1106 1856 I,
1130 1797 1166 1856 p.
1191 1780 1233 1839 54
1265 1772 1328 1853 (ed.

216 1862 379 1943 KollarI,
398 1884 433 1944 p.
451 1868 525 1927 511.
544 1864 623 1946 578)
648 1861 743 1927 buius
766 1861 882 1928 codicis
901 1862 1008 1945 primo
1030 1863 1217 1928 neentionenr
1238 1863 1328 1943 fecis-

215 1957 268 2032 set,
292 1957 321 2016 et
342 1951 374 2014 I.
397 1948 443 2016 M.
473 1951 633 2031 Gudenin
657 1951 745 2016 Hbs.
769 1951 974 2032 Erfnrtensis
996 1951 1105 2033 praef.
1127 1952 1203 2033 fib.
1234 1973 1272 2018 ea
1294 1973 1329 2018 eo

215 2041 370 2122 quaedam
392 2039 549 2122 adempta
577 2062 600 2104 a
620 2040 724 2120 fratre
753 2060 808 2104 suo
835 2039 1068 2122 Obrsstopbora
1099 2041 1198 2123 lepato
1227 2040 1328 2107 arabi·

214 2128 350 2211 episcopi
378 2127 566 2211 Mopuntini
599 2128 636 2193 in
665 2128 758 2195 curia
787 2127 1033 2210 Vindobonensi,
1068 2129 1220 2195 historiae
1253 2129 1328 2195 scri-

178 2218 334 2283 nbendae
356 2217 560 2298 adhibuisset,
591 2218 647 2282 boc
669 2238 746 2299 opus
767 2219 808 2283 ab
831 2218 861 2281 Ι.
890 2216 966 2283 Olsn
989 2217 1137 2300 Aolelnnp
1159 2218 1196 2284 in
1218 2218 1329 2284 Direc-

214 2305 294 2370 torio
310 2328 346 2389 p.
367 2311 439 2370 148.
482 2305 665 2372 Obronieon
692 2305 891 2388 Tbnrinpiae
912 2306 1088 2371 Viennense
1110 2307 1226 2372 dictura
1248 2306 1329 2372 ciris

214 2394 313 2460 doctis
335 2394 481 2460 innotuit.
520 2395 567 2460 Et
585 2415 654 2461 cuns
671 2394 722 2461 W.
740 2394 955 2476 Wattenbacb,
974 2393 1119 2458 ‘Archiv'
1137 2395 1181 2476 X,
1199 2417 1235 2476 p.
1253 2401 1327 2476 470,

215 2483 298 2548 bunc
320 2483 454 2550 aodnen
475 2483 697 2565 descripsisset,
722 2483 761 2547 L.
778 2483 820 2548 F.
836 2483 938 2548 Hcsse
959 2482 997 2547 in
1020 2481 1218 2562 ‘Zeitsclsritt
1240 2485 1270 2549 d.
1290 2484 1325 2548 V.

216 2571 241 2650 f.
269 2571 426 2654 derinp.
455 2571 576 2638 Gescl!
600 2571 666 2652 IV,
692 2594 728 2654 p.
754 2577 956 2652 433-446,
991 2572 1142 2652 quosdam
1177 2571 1257 2636 locos
1290 2592 1329 2636 ea

180 2681 250 2724 seeo
273 2658 370 2725 edidit
391 2660 576 2742 sanansque
598 2660 757 2726 lectionem
779 2659 847 2724 eins
869 2658 1043 2741 conparati
1061 2679 1130 2724 cunr
1144 2658 1329 2725 Annalibus

215 2747 633 2815 Reinbardsbrnnnensibns
655 2749 711 2830 qui
737 2748 923 2814 dicebantur
945 2746 1039 2813 dedit.
1090 2747 1169 2812 Turn
1196 2747 1329 2830 opdnins

214 2837 268 2903 ille
283 2837 328 2902 K.
345 2838 544 2920 Hermann,
561 2837 651 2903 Bibl.
667 2836 846 2917 Erfurtina
861 2859 898 2919 p.
915 2842 1056 2901 50-62.
1081 2838 1118 2902 de
1133 2857 1167 2902 co
1182 2844 1328 2902 neurate

214 2926 330 2992 retulit.
383 2925 531 3009 Denique
565 2927 624 2993 Ott.
656 2927 782 2992 Lorenn
804 2932 932 3007 partem
961 2947 991 2990 a.
1020 2931 1259 2991 1015-1259.
1290 2946 1328 2991 en

214 3017 319 3080 eodem
347 3015 412 3081 solo
441 3015 540 3080 edidit
567 3039 598 3081 a.
625 3021 720 3080 1870.
749 3014 787 3080 in
811 3013 895 3097 ‘le
925 3015 983 3080 der
1008 3014 1150 3080 Prooina
1173 3015 1327 3081 Sacbsen'

179 3105 245 3186 soI,
265 3112 293 3186 l,
312 3126 347 3185 p.
367 3106 572 3187 les—214⁴,
589 3103 730 3170 nesciens
745 3102 827 3169 alios
842 3103 961 3169 codices
975 3103 1071 3168 lenias
1086 3103 1161 3168 libri
1175 3103 1326 3184 eastare⁶‚

214 3193 359 3274 anamais
393 3193 437 3256 K.
471 3193 661 3259 Herrneann
694 3193 715 3258 l.
746 3194 765 3258 l.
795 3215 831 3275 p.
862 3197 925 3256 451
950 3212 1015 3273 sqq.
1050 3191 1118 3257 iarn
1154 3198 1328 3273 sequentem

214 3281 349 3348 codicem
372 3276 412 3346 2ιι
440 3289 586 3347 accurate
607 3280 849 3364 insipidiori

216 3475 242 3541 1)
267 3471 368 3526 Misero
386 3473 461 3527 modo
485 3475 516 3526 de
539 3473 586 3526 boc
610 3474 692 3526 codrbe
716 3474 833 3526 rentum
857 3479 894 3525 est
912 3472 1035 3525 ‘Arabis’
1057 3472 1106 3536 VI,
1127 3489 1157 3540 p.
1178 3475 1219 3527 13.
1258 3473 1328 3536 Quid

215 3545 280 3601 liber
297 3547 435 3610 cudineat,
453 3545 581 3598 indicavit
597 3545 701 3596 &mum
721 3544 750 3600 0.
762 3561 786 3599 s.
798 3544 975 3610 Heinemann,
992 3543 1054 3596 ‘Die
1065 3543 1128 3597 Hss.
1147 3543 1195 3595 der
1211 3543 1327 3609 bereopl.

179 3616 285 3670 esBibl.
302 3633 338 3668 cu
362 3615 544 3680 Walfmbdttel
562 3619 585 3671 1.
605 3615 732 3680 Aben’l,
754 3632 784 3682 p.
803 3618 864 3670 272.
901 3616 944 3679 Cf.
965 3616 1009 3668 ‘N.
1029 3615 1143 3668 Archio’
1155 3614 1208 3679 XI,
1222 3631 1252 3681 p.
1265 3617 1326 3670 419.

214 3690 242 3753 2)
260 3687 329 3740 Olim
346 3689 470 3753 sipnatus
481 3686 548 3741 XII.
560 3687 589 3739 F
598 3690 640 3741 44.
673 3687 830 3753 Tepumento
846 3688 988 3739 raentiori
1004 3687 1162 3754 impressum
1180 3691 1233 3737 est:
1250 3685 1327 3738 Ano·

214 3757 290 3826 nymi
308 3756 456 3811 chronicon
474 3756 648 3826 Thuringise.
720 3758 748 3823 3)
769 3757 823 3810 His
840 3757 941 3810 verbis:
959 3757 1045 3810 elutus
1063 3755 1151 3810 fectus
1169 3760 1210 3809 esi
1227 3755 1262 3808 de
1280 3772 1327 3824 pe·

215 3829 295 3882 cunis
312 3828 360 3881 1114
378 3833 407 3882 et
423 3828 526 3881 bellum
545 3827 636 3882 Generi
654 3826 804 3882 Octaviano
821 3827 921 3880 indixit
943 3831 971 3881 et
989 3826 1101 3882 Octavio
1120 3827 1206 3880 sorori
1224 3825 1327 3880 (lesmie

214 3899 359 3968 repudium
377 3899 568 3953 denuncciavit
587 3925 618 3943 =
638 3899 740 3954 Ekksb.
763 3916 791 3966 p.
811 3902 854 3964 92,
880 3900 897 3954 l.
916 3901 959 3954 32.
1042 3900 1070 3964 4)
1089 3899 1171 3951 Cuneo
1188 3899 1267 3951 editio
1284 3899 1328 3949 in-

178 3972 342 4024 inscribitur
363 3971 485 4024 Annales
509 3969 838 4025 Reinhurdsbrunnensss.
863 3967 1018 4023 chronicon
1036 3968 1234 4038 Thuringicum
1259 3966 1326 4023 eod.

215 4040 336 4097 Vindob.
359 4059 400 4101 nr.
420 4044 498 4097 8375.
535 4042 614 4094 Hane
627 4049 734 4110 partem
752 4047 856 4093 tantum
874 4041 965 4105 edidit,
985 4056 1043 4092 oum
1060 4040 1136 4092 trulla
1153 4042 1259 4092 ratione
1275 4041 1330 4092 sibi

211 4115 387 4181 persuasisset
405 4115 528 4180 eclipseos
539 4113 658 4166 Annales
670 4112 984 4165 Reinltardsbrunnensee
1001 4114 1125 4172 sadduco,
1144 4114 1193 4179 qni
1209 4127 1234 4164 a.
1250 4111 1326 4166 1258,

215 4185 359 4250 desiissent,
378 4185 427 4237 lios
443 4185 474 4236 in
491 4184 539 4237 icoc
556 4184 625 4237 libro
643 4185 787 4250 ecscnptos
804 4199 864 4237 esse
901 4183 1012 4249 Ideoque
1029 4183 1150 4234 Annales
1163 4182 1328 4235 Reinlsarde·

215 4255 377 4309 brunnenses
394 4271 422 4307 se
438 4255 549 4308 edidisse
569 4271 714 4324 perperam
731 4257 858 4322 opinatus
875 4260 919 4308 est.
1009 4256 1036 4322 b)
1056 4253 1110 4318 oue
1132 4254 1197 4306 adso
1214 4256 1328 4320 ipssarus

178 4329 270 4392 abfuit
287 4326 359 4392 libri,
379 4329 455 4379 cuius
469 4332 574 4395 pariam
593 4327 718 4391 ediderat,
736 4333 775 4392 ut,
793 4342 851 4378 eum
870 4325 922 4378 lasa
940 4340 1026 4393 snpra
1048 4343 1076 4393 p.
1095 4326 1156 4392 730,
1177 4340 1205 4380 n.
1224 4327 1249 4379 4.
1269 4323 1328 4376 lau·
