3232 4856
590 391 759 446 onomat
776 389 911 448 bssNOR.
1258 392 1310 447 511

194 578 295 637 tontes
323 574 371 637 vel
400 577 433 637 in
463 572 611 654 carntnlis
633 573 890 654 promndalibus
919 572 1135 640 convenientes
1160 593 1311 637 namuce-

192 667 269 724 ruut
291 662 338 724 vel
361 661 480 742 scipta
503 662 951 729 amtauucvctnc'scrunc1.
990 662 1094 727 Porro
1117 682 1187 725 acm
1209 667 1311 726 aucto-

193 769 260 814 reru
281 749 434 815 Orouicae
456 753 615 832 quondam
638 749 759 816 Romae
780 751 882 831 fuisse
904 749 1086 830 viderimus,
1110 756 1185 814 sunt
1206 749 1310 829 etiam,

193 857 232 902 erc
265 838 379 919 quibus
409 839 593 920 caratauc
629 840 824 905 recensionis
861 846 994 922 quartae
1026 837 1162 904 Romam
1195 835 1312 902 vidisse

163 926 296 992 scenici
319 926 432 1007 possit,
464 949 533 992 curn
569 928 617 993 bis
646 928 765 993 dicerit
793 929 831 993 in
860 928 990 994 ecclesia
1019 927 1105 992 dicta
1133 925 1312 992 Ara-caeli

194 1014 343 1080 Romana
372 1022 447 1082 tunc
469 1017 590 1096 fratres
612 1016 761 1082 Minores
787 1017 954 1098 habitasse,
984 1016 1031 1081 ibi
1053 1037 1118 1081 esse
1140 1014 1312 1097 imayinem

195 1104 229 1168 S.
246 1103 381 1169 Mariae
403 1128 425 1169 a
447 1106 539 1171 Inuca
562 1105 754 1188 evanvelista
773 1106 904 1189 pictam,
929 1105 1071 1171 tunicam
1093 1102 1313 1169 inconsutilem

194 1191 330 1257 Domini
349 1193 387 1258 in
402 1194 531 1259 ecclesia
545 1194 760 1260 Lateranensi
775 1202 804 1260 et
818 1193 989 1278 imavinem
1004 1193 1176 1259 Veronicae
1191 1191 1313 1257 Romae

194 1281 350 1345 servarii.
400 1282 587 1348 Observabis
616 1283 711 1347 etiarn
743 1305 813 1348 eccm
836 1285 873 1348 de
896 1282 973 1349 aliis
994 1281 1133 1348 ecclesiis
1155 1280 1313 1346 Rornanis
1390 1324 1395 1334 ·

160 1371 351 1435 sononurrlla
373 1370 543 1452 addidisse,
568 1379 597 1436 et
618 1372 796 1452 miraberis,
821 1373 904 1453 quod
925 1371 1060 1454 scriptor
1075 1369 1313 1452 Erphordensis

195 1464 286 1523 tauta
301 1461 338 1524 de
354 1459 491 1524 ecclesiis
506 1460 664 1525 Romanis
686 1461 895 1543 adnotaverit,
919 1460 985 1524 nisi
1006 1460 1074 1541 ipse
1096 1481 1151 1525 eas
1172 1458 1311 1523 vidisset.

199 1547 320 1612 Contra
354 1569 488 1630 oppones
517 1551 600 1630 quod
627 1548 695 1614 iam
723 1570 822 1632 snpra
846 1572 882 1633 p.
908 1555 981 1613 510.
1014 1547 1162 1630 discimus,
1193 1549 1313 1613 dnobm

195 1636 272 1702 locis
294 1637 403 1702 eadem
426 1657 505 1718 auae
527 1637 655 1703 iamin
671 1637 784 1720 prima
799 1638 979 1704 recensione
1002 1643 1140 1702 narrata
1162 1641 1255 1701 erant
1276 1635 1313 1700 in

194 1731 311 1806 quarta
338 1725 453 1790 iterum
482 1726 594 1792 addita
623 1747 688 1791 esse
717 1733 747 1792 et
768 1727 892 1792 notabis
913 1726 997 1792 idem
1019 1725 1115 1791 etiarn
1137 1725 1214 1789 aliis
1236 1723 1313 1790 locis

159 1813 345 1892 sssactumss.
393 1816 461 1880 Nec
491 1821 597 1880 tarrren
625 1815 682 1881 hac
711 1818 871 1882 observato
899 1836 1031 1895 moveor,
1061 1821 1097 1879 ut
1124 1815 1164 1878 ab
1187 1819 1313 1878 auctore

199 1901 354 1968 Grordcae
387 1909 535 1985 quartam
569 1903 780 1970 recensionem
813 1925 879 1970 nvn
910 1903 1027 1969 editam
1061 1923 1126 1968 esse
1160 1923 1311 1968 cercseam.

196 1992 298 2056 Immo
321 1991 390 2057 alia
412 1991 507 2057 etiam
530 1999 605 2058 sunt
626 1993 675 2058 vel
696 1993 832 2058 minoris
849 1991 997 2058 momenti
1005 1995 1026 2070 ⁴,
1051 1991 1164 2073 quibus
1180 2011 1312 2073 persua·

195 2082 278 2162 deor,
308 2086 344 2145 ut
372 2080 467 2146 etiam
489 2088 638 2163 quartam
660 2082 870 2148 recensionem
897 2081 1022 2147 auctam
1049 2079 1202 2146 Oronicae
1224 2078 1312 2143 attri-

195 2170 297 2250 buam,
322 2170 466 2251 anamais
488 2170 545 2236 hoc
567 2191 632 2235 non
654 2170 702 2235 ita
725 2173 940 2236 demmmhare
962 2169 1062 2250 liceat,
1093 2175 1128 2234 ut
1156 2189 1246 2233 nenro
1275 2167 1313 2232 in

160 2257 324 2325 ndubinm
352 2279 464 2324 vacare
487 2259 599 2341 possit.
645 2259 742 2325 Alius
764 2259 901 2341 sanator
929 2281 1007 2324 sane
1036 2279 1102 2323 nvn
1129 2259 1219 2321 modo
1243 2256 1312 2338 pri·

194 2367 280 2411 manc
295 2353 423 2428 partem
446 2347 521 2413 libri
544 2349 812 2429 transformasset,
835 2349 892 2413 sed
912 2347 950 2412 in
970 2347 1092 2428 reliquo
1114 2346 1209 2411 etiam
1232 2345 1313 2410 libro

189 2436 298 2518 plura,
322 2442 358 2500 ut
380 2436 500 2518 opinor,
524 2435 714 2502 mutavisset.

310 2541 400 2608 Unus
422 2542 502 2608 liber
519 2543 615 2608 huius
637 2543 830 2609 recensionis
852 2545 897 2608 ad
918 2563 976 2607 nos
991 2541 1145 2624 pervenit,
1169 2540 1314 2622 auamms

196 2629 287 2694 multi
310 2630 429 2696 codices
456 2631 534 2712 eius,
561 2638 596 2696 ut
624 2632 807 2714 videbimus,
835 2631 911 2697 alim
933 2630 969 2697 in
997 2629 1176 2696 Germania
1198 2635 1313 2711 senun-

161 2718 329 2786 rstrionali
351 2719 521 2802 extiterint,
545 2719 600 2803 qni
623 2727 668 2786 est

308 2823 336 2890 0
360 2822 391 2907 2)
430 2828 526 2892 codea
559 2827 827 2893 Monacensis
862 2827 1061 2892 bibliothecae
1094 2824 1201 2909 reciae
1238 2824 1313 2890 Lat.

197 2933 248 2976 nr.
260 2918 376 2996 12260,
390 2913 464 2978 olirn
475 2915 661 2981 manmterii
673 2914 958 2982 Raitenbnchensis
972 2936 1023 2980 ur.
1034 2921 1075 2979 60
1085 2915 1106 2997 ⁵,
1120 2916 1257 2981 chartac.
1267 2913 1312 2995 4⁰,

199 3158 226 3223 1)
251 3157 284 3209 Ut
309 3160 338 3209 in
364 3159 620 3214 Omttnuartcntst.
643 3167 724 3228 parte
746 3162 769 3217 I.
795 3163 899 3213 litteras
924 3160 1062 3212 Olcmcrstss
1084 3160 1137 3216 IV.
1157 3175 1259 3227 parrae,
1284 3162 1314 3210 in

194 3236 276 3295 paru
293 3227 333 3283 ΙΙ.
359 3229 466 3294 laneam
489 3231 645 3284 solatiorum
669 3233 785 3284 duorum
810 3233 933 3296 fratrum
951 3231 1092 3284 Minoum
1109 3232 1141 3282 de
1158 3232 1235 3296 siano
1253 3230 1316 3282 sciis

163 3315 224 3357 soa.
235 3301 314 3368 1270,
328 3301 497 3368 prophetiam
515 3309 538 3355 et
556 3319 648 3356 cunis
665 3303 696 3356 dc
707 3303 843 3356 discordia
854 3303 1038 3354 cardinalium
1055 3304 1086 3353 in
1097 3303 1216 3354 electiores
1223 3303 1315 3368 ponti-

198 3371 256 3436 ficis
273 3387 299 3425 a.
314 3373 390 3427 1269.
410 3388 443 3424 ca
461 3373 547 3426 Italia
565 3376 594 3425 in
614 3375 788 3426 Gumaniam
806 3377 908 3428 missos.
998 3373 1026 3442 2)
1045 3373 1117 3425 Nota
1141 3374 1220 3423 atam
1245 3372 1316 3423 hunc

198 3443 323 3507 fabulam
348 3459 478 3497 narrasse
501 3445 532 3498 do
549 3445 637 3497 Paulo
662 3446 778 3514 apostolo
802 3453 826 3498 ct
850 3445 974 3512 Viryilio,
1001 3460 1068 3511 quae
1091 3459 1225 3509 nusquam
1249 3441 1317 3494 alibi

198 3513 332 3580 humoque
348 3516 455 3567 inventa
473 3521 517 3578 est,
535 3518 592 3568 nisi
608 3519 639 3568 in
656 3522 736 3568 aaran
754 3517 922 3570 mahometica
933 3517 1091 3569 Morstuano.
1120 3515 1243 3566 Conicere
1255 3529 1317 3579 erqo

194 3591 269 3653 potes
287 3585 356 3637 hurso
374 3601 432 3638 eam
450 3585 582 3639 Marituac
600 3589 741 3642 audivisse.
813 3591 843 3656 3)
859 3587 933 3639 Vdnt
951 3587 999 3639 sub
1018 3587 1123 3638 Iustino
1142 3585 1164 3639 I.
1185 3585 1239 3637 ioco
1253 3587 1317 3651 pri·

162 3671 256 3712 murac
273 3659 432 3709 recursionis
449 3658 586 3726 discrima
605 3674 656 3726 quc
667 3658 711 3710 hic
722 3661 869 3726 imperator
881 3659 915 3709 ab
926 3658 1044 3726 Aaapito
1058 3673 1134 3725 papa
1150 3661 1316 3707 consueram

199 3743 253 3780 esse
264 3727 372 3793 dr'eitur,
390 3729 421 3780 in
433 3736 533 3795 quarta
548 3731 696 3782 recursione
713 3731 781 3781 idern
799 3733 896 3780 iterum
908 3729 1064 3782 adnotatum
1081 3733 1118 3780 cst
1136 3727 1227 3779 addita
1244 3741 1317 3779 anno

198 3801 403 3854 incarnationis.
421 3799 516 3852 litiani
529 3816 626 3866 mana
644 3801 718 3869 apud
730 3801 889 3865 Weifcsbole
899 3802 1038 3852 cammhsc
1056 3802 1112 3851 iam
1130 3801 1159 3849 in
1174 3798 1316 3865 numbers

198 3869 286 3922 tribus
308 3871 501 3923 incensionibus
525 3877 672 3924 munerata
697 3877 763 3936 erat,
788 3875 837 3939 qui
854 3871 925 3924 locus
942 3873 973 3924 in
989 3877 1090 3938 quarta
1106 3871 1255 3922 recensione
1272 3869 1316 3920 do·

198 3943 316 4007 matus
327 3948 372 4007 cst,
390 3949 505 3995 carecto
516 3957 608 3995 errore
624 3945 792 4009 avarissimo,
811 3959 863 4010 quo
880 3943 943 3995 hacc
956 3958 1053 4010 paona
1064 3947 1178 4010 humore
1191 3939 1318 4005 Grcaomi

199 4153 345 4220 adrwtaoit,
370 4171 421 4222 asro
446 4157 489 4209 dis
513 4158 582 4222 festa
599 4163 753 4210 sanctornm
770 4158 892 4208 virorum
909 4156 1076 4209 cehbrentur.
1113 4155 1186 4206 Idem
1204 4160 1317 4219 quamne

198 4227 357 4278 racnucm's
382 4233 475 4279 undar·
496 4228 642 4294 adnotavit,
668 4229 716 4280 ubi
732 4228 868 4280 Frontoni
883 4227 1110 4293 Petrocoriccnsis
1134 4232 1158 4278 et
1176 4224 1316 4276 Hermini-

199 4295 268 4360 aildi
291 4299 388 4350 munia
413 4300 487 4363 faeta
511 4304 556 4354 est.
645 4301 674 4367 5)
694 4299 729 4351 In
749 4301 843 4366 primo
860 4298 925 4364 tolio
944 4298 1011 4351 libri
1026 4297 1145 4364 maianis
1162 4297 1317 4362 levamentis

164 4367 297 4422 sosauuli
304 4367 368 4422 XV.
387 4373 516 4437 numani
531 4385 615 4422 mann
632 4385 698 4425 sasc.
707 4369 739 4421 X
741 4370 771 4425 V.
789 4371 919 4436 scripturn
930 4376 984 4422 est:
1002 4364 1212 4437 Rsydtenphch,
1230 4367 1275 4432 fol.
1289 4370 1315 4422 3.
