3232 4856
324 337 379 392 616
724 327 891 385 GRONIGA
909 327 1044 388 MINOR.

326 514 516 597 memplaris
539 511 742 579 Rotuiiensis
771 533 788 576 e
817 510 996 578 coniectura
1025 520 1105 578 recte
1134 513 1302 594 correuit1,
1327 519 1450 578 serden-

327 605 391 670 tias
413 603 516 685 sionis
539 604 614 668 benc
636 600 792 667 distinm't.
831 601 877 666 In
899 607 1034 666 extremo
1057 601 1136 680 folio
1163 601 1319 668 (ironicae
1337 601 1449 666 Mino

326 693 375 758 ris
397 713 506 758 vereris
527 689 725 756 memoriales
746 710 846 755 manu
875 710 956 755 saec.
983 689 1085 755 XIV.
1116 691 1228 773 scrr'rrti
1256 697 1339 772 nent,
1368 711 1449 772 ¹quos

327 782 422 862 iufra
443 779 540 846 edidi.

434 869 469 934 D
488 866 541 952 1²)
576 865 682 934 Ooden
710 866 974 932 Monacensis
1004 867 1205 934 bibliothecae
1234 869 1341 950 recino
1369 868 1478 933 Late

328 980 380 1026 nr.
405 964 479 1038 626,
511 957 586 1022 oiim
615 955 819 1020 Hortmonni
849 955 987 1036 Sobedei,
1016 955 1053 1020 in
1078 956 1191 1039 priore
1219 957 1356 1022 editione
1382 953 1445 1022 01

329 1047 484 1131 sinuatus,
515 1046 639 1126 formae
668 1046 845 1126 quadratae
875 1043 1020 1125 minoris,
1056 1045 1146 1110 onius
1179 1045 1261 1124 folia
1294 1045 1448 1111 membra-

329 1157 429 1202 nacea
453 1137 517 1199 81²
539 1135 639 1199 solam
666 1132 837 1199 Granicum
858 1131 1022 1198 Minorem
1045 1155 1114 1200 cum
1137 1133 1315 1216 praedictis
1342 1133 1448 1200 Conti-

329 1223 536 1290 nuatiouibus
568 1243 650 1288 suec.
680 1221 780 1286 XIV.
813 1221 861 1286 in.
895 1222 1075 1288 mendosius
1111 1222 1262 1304 canutam
1300 1223 1448 1288 continet.

329 1313 444 1379 Altera
470 1333 570 1377 uranu
591 1311 691 1393 panto
715 1310 889 1392 posteriore
917 1311 1017 1375 mutto
1045 1313 1169 1392 menda,
1193 1332 1289 1377 masa
1309 1311 1488 1393 plerum-10

329 1423 388 1485 que
406 1399 516 1484 priore
539 1400 676 1479 tectione,
700 1420 717 1464 e
739 1398 919 1464 coniectura
941 1399 1126 1464 correctoris
1149 1399 1274 1481 partim
1297 1406 1447 1481 correcta

324 1490 448 1573 partim
482 1491 656 1570 &promta
689 1493 771 1570 sunt,
806 1508 887 1569 quoe
924 1509 1081 1569 nusquam
1114 1487 1151 1553 in
1188 1487 1449 1554 adnotationibus

331 1577 451 1659 curaui,
482 1577 580 1643 solius
603 1575 729 1658 prioris
757 1597 874 1642 monus
903 1576 1048 1642 lectiones
1071 1577 1231 1658 adnotavi,
1258 1578 1314 1642 nbi
1336 1598 1450 1642 earum

329 1667 517 1733 nuntiorum
545 1666 651 1746 facere
680 1664 769 1729 duni.
814 1665 866 1730 De
888 1667 946 1731 boc
971 1672 1001 1730 et
1021 1668 1228 1748 praecedente
1251 1666 1353 1732 codiee
1375 1666 1446 1730 Dl

324 1756 453 1840 primus
469 1755 578 1820 Docen
597 1753 633 1818 in
648 1751 795 1819 ‘Archiv'
810 1754 863 1834 ΙΙ,
878 1761 1034 1836 679666.
1058 1755 1134 1835 ΙΙΙ,
1150 1777 1186 1837 p.
1200 1761 1312 1837 ltsqq.
1329 1754 1447 1820 retulit.
1459 1780 1487 1820 6

437 1837 544 1926 le)
579 1842 683 1908 Godeic
711 1841 1003 1907 Einsidteusis
1036 1843 1222 1908 monostemi
1254 1843 1449 1910 celeberrimi

330 1955 382 1998 nr.
407 1938 487 2012 628,
522 1933 648 1996 membr.
681 1930 752 2012 fob,
787 1951 878 2013 quem
913 1931 948 1996 V.
979 1931 1056 1996 Rev.
1092 1933 1131 1996 P.
1166 1931 1299 1998 Gabriel
1329 1931 1447 2012 Mein,

324 2021 509 2104 praefectus
546 2019 760 2102 bibliothecae,
788 2019 938 2102 precanti
971 2020 1052 2084 mibi
1085 2021 1224 2086 beniuole
1257 2020 1448 2088 BeroIinum

331 2107 518 2189 transmisit,
553 2129 623 2174 oum
656 2107 693 2172 in
720 2107 833 2190 priore
861 2109 997 2174 editione
1030 2109 1175 2176 notitiam
1207 2110 1276 2175 eius
1306 2111 1448 2175 nondum

331 2197 521 2264 habuissem.
578 2196 724 2262 Continet
755 2196 839 2276 folio
869 2203 910 2260 20
941 2197 979 2263 in
1012 2198 1106 2263 binae
1139 2199 1301 2264 ootnmnas
1331 2197 1488 2278 divisuro

331 2307 464 2369 quorum
497 2285 579 2364 folia
603 2291 734 2350 2-20.
769 2287 877 2350 eadem
909 2307 1009 2352 manu
1042 2307 1124 2352 saec.
1150 2287 1261 2352 XIII.
1286 2308 1347 2367 en,
1376 2287 1446 2368 pri-

330 2397 417 2442 mum
445 2373 558 2454 folium
588 2373 692 2440 attero
714 2395 813 2440 uranu
842 2374 980 2440 eiusdem
1009 2375 1165 2457 temporis,
1190 2377 1274 2457 betto,
1305 2377 1361 2441 sed
1389 2375 1446 2440 ati-

331 2465 517 2546 quantuium
542 2463 763 2546 neoieoentius,
791 2463 916 2528 omissis
939 2464 1049 2529 muitis
1073 2464 1184 2546 verbis,
1214 2465 1335 2547 emunita
1363 2475 1445 2529 sunt.

332 2553 430 2618 Folia
455 2559 571 2617 1—19.
602 2551 761 2618 continent
788 2551 958 2618 Granicum
984 2553 1147 2618 Minorem
1177 2574 1247 2618 mim
1271 2552 1449 2635 praedictis

337 2641 637 2708 Gontinnotionibus
645 2642 667 2704 ³.
713 2641 822 2705 Manu
850 2661 931 2706 suec.
950 2641 1051 2706 XIV.
1078 2641 1116 2706 in
1137 2641 1337 2724 muryinibus
1357 2641 1488 2722 folio-re

331 2751 404 2794 rum
425 2731 587 2812 permulto
615 2751 654 2795 eu
675 2728 822 2794 Martini
849 2729 1058 2811 Oppaeiensis
1089 2730 1248 2796 Chronico
1278 2737 1307 2796 ot
1336 2730 1448 2796 Iocobi

332 2819 483 2900 Leaendo
505 2820 626 2899 Aureo,
657 2817 749 2884 tibris
777 2825 851 2883 tnnc
880 2819 1116 2900 minutissimis,
1140 2826 1265 2900 sumpta
1287 2827 1317 2884 et
1338 2841 1447 2901 pauco

332 2903 424 2972 aiio*
446 2907 559 2972 addita
581 2907 682 2972 mur.
716 2907 758 2971 F.
775 2913 825 2971 19.
842 2913 916 2987 post
936 2906 1105 2973 Cronicom
1126 2929 1225 2973 monn
1247 2929 1328 2973 saec.
1343 2908 1444 2973 XIV.

448 3113 475 3184 *)
492 3115 568 3168 Inter
585 3116 648 3168 baec
664 3117 778 3168 notandi
793 3121 856 3168 eunt
873 3116 926 3168 dno
944 3117 994 3168 leret
1009 3133 1043 3168 ecc
1061 3118 1214 3170 Annalibus
1229 3117 1447 3170 blurbocensr'bus

332 3329 392 3364 enm
417 3312 497 3367 Cron.
523 3313 628 3365 Minore
651 3317 785 3378 compacto
809 3317 880 3376 sunt,
905 3327 972 3379 quae
996 3313 1054 3364 m'de
1079 3312 1162 3367 Oatot.
1188 3313 1242 3367 cod.
1261 3314 1323 3365 Lat.
1342 3313 1487 3366 Monaeso

333 3384 395 3448 Lu,
410 3401 439 3450 p.
458 3385 501 3438 22.
537 3383 572 3435 In
586 3385 682 3449 putore
698 3383 811 3435 editione
828 3383 870 3435 tcto
889 3383 955 3434 tiber
975 3383 1023 3437 02
1040 3385 1163 3450 siceranes
1182 3391 1247 3438 erat.
1284 3386 1324 3437 De
1342 3391 1447 3436 aridorc

334 3455 460 3508 Cronioae
478 3457 507 3506 tu
524 3455 572 3507 troc
590 3454 660 3507 libro
677 3456 813 3506 nominato
830 3454 887 3507 uide
904 3470 990 3521 supra
1004 3472 1033 3521 p.
1045 3457 1108 3522 487,
1127 3471 1154 3509 n.
1167 3458 1192 3510 3.
1267 3457 1293 3520 1)
1309 3456 1383 3507 Velut
1401 3455 1448 3505 nbr'

334 3527 362 3577 D
375 3523 448 3582 1Μ
465 3525 627 3579 (britannum
645 3529 688 3592 (ut
706 3525 773 3577 tr'ber
785 3525 952 3577 Rotur'tensr's
969 3525 1092 3577 tamnu
1109 3525 1232 3591 uidetur),
1252 3527 1308 3580 Du
1328 3523 1445 3577 Orisnen-

332 3613 399 3650 num
423 3597 527 3662 haberit,
552 3599 595 3650 tric
617 3602 683 3649 recte
706 3599 813 3664 empsit
831 3595 993 3652 Griennium.
1031 3595 1214 3649 Numerianus
1237 3603 1305 3648 reete
1322 3598 1446 3658 restituit,

332 3669 380 3720 ubi¹
396 3671 424 3720 D
437 3666 553 3724 1⁸·b.2
572 3666 744 3720 Numerinus
758 3669 894 3734 praebent.
926 3668 1007 3719 Tatta
1026 3669 1120 3720 mendo
1139 3668 1206 3719 libre·
1221 3668 1391 3720 Rotwr'teusrs
1407 3669 1486 3718 cetu

332 3742 471 3806 scriptoris
500 3742 658 3793 recensionis
682 3740 710 3790 D
738 3754 793 3790 non
823 3742 913 3792 omnia
942 3740 1076 3794 adnotari.
1152 3739 1180 3806 2)
1206 3739 1358 3791 Numerata
1384 3744 1447 3790 sunt

333 3813 366 3865 ir
386 3811 464 3876 folia,
481 3811 527 3862 sod
543 3812 663 3862 numeres
675 3813 699 3864 7.
714 3811 755 3865 14
770 3811 811 3864 16.
824 3812 867 3865 26.
887 3811 950 3862 Mna
968 3810 1037 3874 solia
1054 3813 1163 3876 uenata
1179 3817 1251 3865 nent.
1287 3811 1447 3863 Dntrunnm

333 3882 440 3948 fotium,
459 3883 523 3933 oltm
541 3897 661 3947 occu-um,
680 3883 715 3936 82
728 3881 786 3948 (78)
805 3881 936 3933 obtusum
954 3887 997 3935 cst.
1029 3883 1081 3932 Hr's
1098 3882 1213 3933 snbneuc'
1228 3889 1291 3933 sum
1308 3883 1363 3934 duo
1380 3897 1447 3949 qua

333 3955 465 4006 terniones
488 3954 603 4005 cadmei
625 3954 710 4012 omni,
736 3953 766 4003 in
784 3967 899 4018 quorum
917 3958 1032 4005 extremo
1050 3952 1116 4016 sotio
1133 3954 1263 4020 cornutum
1284 3959 1337 4004 est:
1362 3953 1446 4006 Anno

333 4021 444 4076 Domini
463 4026 540 4080 1452.
568 4027 636 4076 wart
663 4021 718 4074 diez
742 4019 815 4089 puch
841 4022 885 4076 ein
909 4021 1048 4092 gepfindn.
1089 4023 1255 4090 Teyumentts
1279 4024 1355 4075 iltius
1378 4025 1487 4075 anniso

334 4095 399 4147 liber
417 4095 503 4146 adbuc
521 4100 669 4163 compactus
687 4098 731 4145 est.
768 4093 803 4144 In
822 4094 907 4149 Gotal.
925 4095 981 4146 cod.
994 4095 1054 4148 Lot.
1074 4093 1135 4146 bibi.
1153 4096 1242 4159 reatae
1262 4095 1365 4149 Monac.
1385 4094 1409 4156 I,
1420 4097 1446 4159 1,

330 4181 360 4231 p.
380 4168 439 4220 123.
467 4166 532 4219 tiber
556 4181 620 4220 saec.
640 4165 723 4219 XIII.
748 4167 864 4231 emunitus
891 4181 945 4217 cese
970 4165 1078 4230 dicitnr,
1105 4166 1175 4231 qnod
1199 4180 1254 4216 non
1279 4181 1369 4218 oerum
1394 4181 1449 4218 esse

333 4251 429 4290 censeo.
499 4239 528 4304 3)
547 4238 763 4289 Continuotr'om's
780 4236 830 4289 IV.
849 4239 941 4303 por-tu
958 4236 998 4289 ΙΙ,
1017 4251 1116 4300 maana
1132 4236 1269 4302 partr'cula
1286 4237 1449 4303 neoleoentr'a

333 4307 436 4359 scribae
448 4309 546 4358 omissa
558 4313 602 4361 eet.
630 4307 664 4357 In
682 4307 704 4370 f.
715 4309 758 4360 20.
772 4321 863 4372 procu
881 4307 1064 4359 eoelesr'rrsm'eae
1080 4309 1195 4374 scriptae
1211 4313 1282 4361 sunt.
1337 4309 1365 4376 4)
1380 4307 1450 4359 Cum
