3186 4844
230 401 413 459 manus
430 402 619 461 ERPHORD.
637 403 826 460 FRATRUM
842 403 1180 462 PRAEDIOATORUM.
1218 409 1270 463 103

152 587 246 651 stein
255 586 277 662 ¹,
301 584 522 651 Hermannus
545 587 707 653 videlicet
724 634 912 651 ........
920 593 936 624 ²
959 592 994 654 et
1017 588 1202 654 Heinricus
1226 590 1269 655 de
1279 598 1357 652 1248.

152 668 354 752 anmdeb,
381 676 419 738 in
442 676 498 741 die
521 678 730 742 ascensionis
753 678 893 742 Domini
916 677 1050 743 nefaria
1073 679 1269 744 temeritate
1280 703 1376 741 narra.

152 765 300 848 ingressi
323 765 496 847 quoddam
520 765 685 830 allodium
717 767 963 830 monachorum
987 768 1029 832 de
1046 766 1145 832 Valle
1169 767 1270 833 Beati

153 851 316 937 Georgii⁰
344 853 438 918 omni
460 854 693 938 suppellectili
717 876 795 918 cnm
821 855 1002 939 pecoribus
1024 855 1268 940 spoliaverunt,

121 941 355 1006 scuni-adum
392 942 545 1027 ipsorum
580 942 810 1020 cellerarium,
846 944 1009 1008 devotum
1047 946 1268 1022 sacerdotem,

152 1049 232 1093 cum
263 1029 342 1094 aliis
372 1031 542 1096 conversis
572 1053 612 1096 ac
642 1031 783 1095 famulis
811 1032 948 1097 circiter
970 1031 1097 1095 XVIII
1119 1033 1270 1116 graviter

153 1119 387 1197 vulnerantes,
412 1120 497 1185 adeo
521 1123 561 1183 ut
585 1121 690 1185 etiam
713 1141 802 1184 unus
823 1141 1063 1185 conversorum
1079 1125 1269 1186 extremum

152 1207 342 1272 exhalaret·
357 1208 527 1292 spiritum.
574 1207 726 1288 Quorum
751 1208 885 1274 cladem
907 1211 1003 1273 totus
1027 1206 1265 1275 liriordensis‘1

153 1295 268 1360 clerus
298 1296 463 1361 miserans
491 1297 629 1382 illisque
660 1299 886 1382 compatiens,
917 1299 1071 1383 proxima
1101 1298 1192 1361 IIII.
1222 1319 1268 1364 se·
1281 1321 1356 1364 aaa.

116 1403 143 1442 ro
152 1385 276 1467 quenti
298 1385 387 1450 feria
409 1385 604 1469 generalem
627 1406 688 1470 per
708 1387 884 1451 civitatem
906 1387 1066 1452 fecerunt
1088 1389 1269 1471 processio·

151 1493 245 1551 nem,
275 1475 313 1536 in
335 1493 404 1556 qua
430 1475 474 1538 ad
498 1474 635 1540 sceleris
658 1477 889 1540 ostensionem
912 1476 998 1539 dicti
1024 1476 1143 1539 fratris
1166 1477 1269 1540 occisi

151 1563 276 1626 tunica
310 1563 476 1646 sanguine
508 1565 690 1628 cruentata
723 1585 784 1648 pro
814 1563 1030 1628 lamentabili
1059 1564 1185 1629 vexillo
1215 1565 1269 1630 de·

151 1651 343 1716 ferebatur.

262 1739 339 1804 Hoc
370 1761 460 1805 anno
495 1741 533 1804 in
562 1741 755 1824 septimana
789 1744 1005 1826 pentecostes
1034 1761 1095 1805 rex
1125 1741 1268 1806 Ibancie
1278 1763 1409 1806 nar-1³.

114 1846 234 1892 recum
249 1849 355 1893 uxore
378 1830 462 1893 sua2
484 1829 718 1912 fratribusque
741 1829 871 1914 ipsius⁸
894 1850 972 1894 cum
989 1830 1154 1894 uxoribus
1177 1831 1269 1895 suis⁴

151 1917 198 1980 ad
221 1916 362 1981 Terram
386 1917 548 1981 Sanctam
572 1939 650 1982 cum
673 1940 799 2002 magna
822 1919 1003 1983 devotione
1025 1920 1092 1983 iter
1116 1919 1158 1984 de
1177 1919 1268 1982 Pari-

151 2006 245 2069 sins⁰
270 2006 499 2090 arripuerunt.
545 2006 636 2071 Nam
658 2008 695 2070 in
719 2008 880 2091 capitulis
902 2008 1050 2070 fratrum
1074 2008 1268 2073 Predicato-

151 2115 230 2157 rum
262 2096 365 2177 atque
389 2094 563 2159 Minornm
592 2097 688 2160 flexis
710 2097 855 2179 genibus
878 2097 1030 2180 ipsorum
1054 2097 1268 2161 orationibus

151 2182 335 2247 humiliter
372 2203 407 2247 se
446 2185 773 2249 commendaverunt
784 2184 806 2248 ⁵.
862 2184 1050 2250 Habebunt
1089 2185 1192 2249 etiam
1230 2186 1268 2248 in

112 2272 323 2336 aeomitatu
352 2271 506 2337 Romane
535 2274 625 2338 sedis
654 2273 831 2357 legatum⁶
860 2294 937 2338 cum
967 2272 1172 2356 quibusdam
1200 2274 1267 2357 epi·

151 2361 266 2444 scopis
288 2381 445 2430 necnon
469 2363 671 2444 magistrum
694 2362 824 2426 ordinis
847 2361 1106 2427 Predicatorum
1119 2361 1137 2424 ⁷.

260 2449 392 2514 Eodem
421 2471 511 2514 anno
533 2449 615 2514 VII.
639 2451 725 2514 Idus
748 2450 832 2514 Iulii
856 2451 1029 2515 Albi-laci
1059 2451 1224 2534 oppidum
1247 2471 1346 2515 arcs.

152 2537 369 2602 Senonibus⁸
392 2541 626 2622 expugnatum
642 2541 704 2603 est.
741 2538 809 2604 Sed
831 2539 885 2603 illi
908 2541 951 2604 de
967 2541 1089 2616 castro,
1114 2559 1158 2603 ne
1180 2539 1267 2622 ipso-

150 2647 231 2690 rum
265 2627 452 2691 adversarii
485 2627 613 2692 ibidem
646 2631 764 2690 tutum
798 2626 966 2693 haberent
998 2627 1265 2711 receptaculum,

112 2715 308 2781 ”eiusdem
339 2717 489 2780 civitatis
522 2716 691 2779 furtivum
720 2720 949 2800 procurarunt
982 2716 1194 2790 incendium,
1231 2736 1266 2780 se

56 2805 238 2868 maeatis
261 2803 408 2868 viriliter
430 2805 666 2870 defendentes.
703 2805 894 2870 Undecimo
915 2806 1058 2869 tandem
1080 2808 1159 2888 post
1183 2805 1356 2870 *hecnam

151 2893 211 2956 die
240 2892 416 2957 marohi0⁹
444 2894 584 2958 veniens
618 2894 750 2958 dictum
780 2894 945 2979 oppidum
974 2892 1119 2958 obsedit.
1167 2891 1267 2972 Quod

150 2980 311 3046 ridentes
328 2981 488 3059 Saxones,
512 2982 663 3046 latenter
686 2983 821 3065 egressi,
846 2982 1021 3047 residuum
1045 2982 1196 3046 civitatis
1218 2983 1267 3046 in·

151 3071 354 3135 cendemnt.
389 3069 481 3134 Dein
496 3071 648 3135 marchio
664 3069 820 3155 plurimis
836 3071 1000 3134 comitum
1016 3070 1108 3135 villis
1123 3070 1267 3135 vastatis

112 3158 324 3236 wincendio,
348 3159 392 3222 X.
416 3158 496 3222 Kal.
521 3160 672 3243 Augusti
694 3161 792 3222 iuxta
815 3158 1042 3241 Erphordiam
1066 3165 1179 3223 castra
1202 3180 1363 3223 menies.

149 3251 249 3312 tatus
264 3251 333 3324 est;
358 3248 507 3331 indeque
528 3248 634 3312 tertia
650 3248 705 3313 die
727 3248 890 3312 recedens
900 3247 936 3325 ¹⁰,
961 3249 1133 3330 quoddam
1149 3247 1359 3312 castel-rums.

150 3337 225 3399 lum
248 3335 408 3401 Heinrioi
430 3335 552 3400 militis
574 3337 617 3400 de
641 3329 862 3401 Baldestete¹
880 3336 918 3399 in
940 3336 1024 3400 villa
1046 3336 1169 3400 Husen
1192 3356 1267 3400 eon·

149 3529 174 3576 ι)
187 3527 283 3576 matium
297 3537 387 3566 mmm
401 3527 440 3569 rol.
454 3528 478 3577 13
499 3531 523 3566 ct
535 3525 638 3575 mpplcct
701 3525 724 3577 b)
743 3526 804 3574 tetra
818 3527 832 3569 l.
845 3525 879 3570 88.
893 3523 1028 3568 Baldestctc.
1097 3522 1118 3576 c)
1132 3525 1235 3574 Gregorii
1249 3527 1268 3567 1.

150 3579 174 3632 d)
188 3579 339 3620 erfordiensis
355 3581 372 3622 l.
426 3579 448 3631 c)
461 3579 555 3620 Parisiis
569 3581 588 3624 l.
642 3580 701 3628 M·
714 3591 783 3629 supra
800 3592 821 3622 a.
835 3581 856 3622 b.

112 3748 140 3789 st
150 3741 179 3807 1)
196 3739 291 3791 Huius
302 3741 387 3792 casiri
396 3740 500 3792 demini
511 3741 590 3792 ctiam
607 3741 637 3791 in
651 3740 776 3806 praediis
787 3738 944 3790 monastaii
954 3737 1268 3790 Raotaraaannaaeso

143 3817 239 3879 postea
257 3813 374 3878 rapinas
392 3811 483 3875 facisse
500 3810 629 3864 debitam
645 3813 674 3862 in
685 3808 968 3865 concamarata.
982 3825 1007 3864 a.
1019 3811 1097 3874 1259,
1113 3809 1161 3864 SS.
1171 3807 1266 3876 XXX,

146 3900 176 3950 p.
190 3883 252 3936 622.
325 3883 354 3950 2)
369 3881 537 3948 Μανρανάα.
609 3884 638 3950 3)
656 3881 762 3933 Karolo
780 3883 870 3933 amsa
887 3880 1055 3946 Audaciam
1073 3887 1096 3932 ct
1113 3879 1267 3933 Rotertol.

148 3954 243 4004 comba
260 3953 390 4006 Anniba
461 3954 491 4019 4)
512 3953 633 4005 amaa
650 3957 673 4004 ct
691 3951 831 4006 uadem.
894 3953 922 4020 b)
942 3951 985 4016 Of.
997 3951 1145 4004 Salinatoris
1162 3950 1267 4015 asold

151 4025 266 4088 -3030,
286 4023 324 4078 cd.
336 4022 429 4078 Par-m.
444 4039 474 4090 p.
489 4024 522 4079 93
534 4039 588 4091 sqq.
644 4024 671 4090 θ)
692 4021 804 4075 odom
821 4022 894 4076 card.
913 4025 1060 4089 episcopum
1077 4022 1266 4075 Tusculanum.

113 4096 179 4161 4⁰7)
198 4093 344 4146 Iohannes
361 4109 447 4162 supra
465 4111 491 4150 a.
505 4094 582 4150 1240.
601 4094 707 4148 dictum.
779 4095 807 4161 8)
826 4093 907 4145 Liber
923 4108 995 4147 crosa
1012 4093 1135 4159 Erford,
1157 4091 1222 4155 ‘GQ
1241 4091 1266 4145 d.

149 4163 229 4217 Prw.
248 4163 374 4216 sacam
392 4164 420 4231 I,
443 4181 472 4232 p.
491 4167 558 4220 213:
585 4164 620 4218 sb
648 4163 781 4217 advocato
806 4163 943 4229 (Heinrici
968 4165 1117 4230 lcwaost'
1137 4163 1268 4228 Hostiae)

149 4233 276 4288 Wsskino
294 4234 389 4288 stillis
400 4233 517 4288 dominis
530 4233 565 4288 de
577 4233 791 4289 Sundershusen.
819 4235 859 4300 θ’.
873 4234 950 4300 Itym
962 4235 1076 4301 etVopel
1088 4250 1118 4300 p.
1131 4234 1193 4298 129,
1208 4232 1266 4289 rai.
1344 4283 1353 4304 ‚

150 4306 194 4370 Gt.
213 4306 296 4360 eron.
313 4307 341 4360 S.
354 4307 431 4359 Petri
447 4308 525 4362 1248.
609 4309 636 4374 9)
655 4307 800 4359 Monam
817 4305 970 4360 Heinricus.
1055 4307 1099 4373 10)
1120 4306 1191 4358 Bene
1207 4320 1267 4359 con·

149 4379 218 4430 mit
235 4393 296 4430 cum
314 4377 362 4430 boc
379 4377 431 4431 loco
449 4379 575 4431 Orons'cm
592 4379 621 4434 S.
634 4379 711 4431 Petri
728 4379 799 4431 locus
815 4393 849 4430 cc
867 4376 921 4428 alio
938 4377 1011 4442 fonte
1028 4376 1148 4432 haustus.
