<?xml version="1.0" encoding="UTF-8"?>
<!DOCTYPE html PUBLIC "-//W3C//DTD XHTML 1.0 Transitional//EN"
    "http://www.w3.org/TR/xhtml1/DTD/xhtml1-transitional.dtd">
<html xmlns="http://www.w3.org/1999/xhtml" xml:lang="en" lang="en">
 <head>
  <title>
</title>
<meta http-equiv="Content-Type" content="text/html;charset=utf-8" />
  <meta name='ocr-system' content='tesseract 3.04.00' />
  <meta name='ocr-capabilities' content='ocr_page ocr_carea ocr_par ocr_line ocrx_word'/>
</head>
<body>
  <div class='ocr_page' id='page_1' title='image "./monumentaerphes01monagoog_0052.png"; bbox 0 0 3200 4844; ppageno 0'>
   <div class='ocr_carea' id='block_1_1' title="bbox 311 359 1315 422">
    <p class='ocr_par' dir='ltr' id='par_1_1' title="bbox 311 359 1315 422">
     <span class='ocr_line' id='line_1_1' title="bbox 311 359 1315 422; baseline -0.003 0"><span class='ocrx_word' id='word_1_1' title='bbox 311 368 346 422; x_wconf 87' lang='lat'>40</span> <span class='ocrx_word' id='word_1_2' title='bbox 430 363 459 420; x_wconf 87' lang='lat' dir='ltr'>S.</span> <span class='ocrx_word' id='word_1_3' title='bbox 472 361 589 417; x_wconf 83' lang='lat' dir='ltr'>PETRI</span> <span class='ocrx_word' id='word_1_4' title='bbox 606 359 869 421; x_wconf 77' lang='lat' dir='ltr'>ERPHESFURT,</span> <span class='ocrx_word' id='word_1_5' title='bbox 889 359 1151 418; x_wconf 77' lang='lat' dir='ltr'><strong>GONTINUATIO</strong></span> <span class='ocrx_word' id='word_1_6' title='bbox 1170 362 1315 420; x_wconf 79' lang='grc' dir='ltr'><strong>ΕΚΚΕΗ.</strong></span> 
     </span>
    </p>
   </div>
   <div class='ocr_carea' id='block_1_2' title="bbox 196 545 1530 3387">
    <p class='ocr_par' dir='ltr' id='par_1_2' title="bbox 224 545 1464 1343">
     <span class='ocr_line' id='line_1_2' title="bbox 224 545 1430 633; baseline -0.003 -17"><span class='ocrx_word' id='word_1_7' title='bbox 224 564 300 617; x_wconf 80' lang='grc'><strong>1134.</strong></span> <span class='ocrx_word' id='word_1_8' title='bbox 310 549 400 633; x_wconf 89' lang='lat' dir='ltr'>regis</span> <span class='ocrx_word' id='word_1_9' title='bbox 415 547 591 611; x_wconf 88' lang='lat' dir='ltr'>Danorum</span> <span class='ocrx_word' id='word_1_10' title='bbox 616 547 660 610; x_wconf 88' lang='lat' dir='ltr'>ad</span> <span class='ocrx_word' id='word_1_11' title='bbox 684 545 926 628; x_wconf 80' lang='lat' dir='ltr'>acquirendam</span> <span class='ocrx_word' id='word_1_12' title='bbox 942 547 1090 628; x_wconf 86' lang='lat' dir='ltr'>gratiam</span> <span class='ocrx_word' id='word_1_13' title='bbox 1113 547 1187 611; x_wconf 91' lang='lat' dir='ltr'>eius</span> <span class='ocrx_word' id='word_1_14' title='bbox 1202 548 1430 612; x_wconf 64' lang='lat' dir='ltr'>immensum*</span> 
     </span>
     <span class='ocr_line' id='line_1_3' title="bbox 311 635 1431 721; baseline 0.001 -20"><span class='ocrx_word' id='word_1_15' title='bbox 311 637 445 721; x_wconf 88' lang='lat' dir='ltr'>pondus</span> <span class='ocrx_word' id='word_1_16' title='bbox 480 637 555 700; x_wconf 90' lang='lat' dir='ltr'>auri</span> <span class='ocrx_word' id='word_1_17' title='bbox 589 638 625 701; x_wconf 92' lang='lat' dir='ltr'>et</span> <span class='ocrx_word' id='word_1_18' title='bbox 659 635 795 718; x_wconf 75' lang='lat' dir='ltr'>argenti</span> <span class='ocrx_word' id='word_1_19' title='bbox 817 635 956 718; x_wconf 85' lang='lat' dir='ltr'>optulit,</span> <span class='ocrx_word' id='word_1_20' title='bbox 992 656 1032 700; x_wconf 91' lang='lat' dir='ltr'>eo</span> <span class='ocrx_word' id='word_1_21' title='bbox 1066 636 1157 718; x_wconf 91' lang='lat' dir='ltr'>quod</span> <span class='ocrx_word' id='word_1_22' title='bbox 1193 637 1305 720; x_wconf 90' lang='lat' dir='ltr'>priore</span> <span class='ocrx_word' id='word_1_23' title='bbox 1328 658 1431 716; x_wconf 89' lang='lat' dir='ltr'>anno,</span> 
     </span>
     <span class='ocr_line' id='line_1_4' title="bbox 311 719 1433 808; baseline 0 -18"><span class='ocrx_word' id='word_1_24' title='bbox 311 719 498 791; x_wconf 75' lang='lat' dir='ltr'>Lothcriob</span> <span class='ocrx_word' id='word_1_25' title='bbox 525 725 562 788; x_wconf 90' lang='lat' dir='ltr'>iu</span> <span class='ocrx_word' id='word_1_26' title='bbox 586 724 805 808; x_wconf 79' lang='lat' dir='ltr'>expeditione</span> <span class='ocrx_word' id='word_1_27' title='bbox 821 723 977 788; x_wconf 86' lang='lat' dir='ltr'>Romane</span> <span class='ocrx_word' id='word_1_28' title='bbox 999 729 1177 808; x_wconf 87' lang='lat' dir='ltr'>occupato,</span> <span class='ocrx_word' id='word_1_29' title='bbox 1202 725 1331 789; x_wconf 89' lang='lat' dir='ltr'>multos</span> <span class='ocrx_word' id='word_1_30' title='bbox 1347 726 1433 790; x_wconf 79' lang='lat' dir='ltr'>Teu-</span> 
     </span>
     <span class='ocr_line' id='line_1_5' title="bbox 309 813 1432 897; baseline -0.001 -18"><span class='ocrx_word' id='word_1_31' title='bbox 309 815 513 892; x_wconf 82' lang='lat' dir='ltr'>tonioorum,</span> <span class='ocrx_word' id='word_1_32' title='bbox 538 832 622 897; x_wconf 89' lang='lat' dir='ltr'>quos</span> <span class='ocrx_word' id='word_1_33' title='bbox 644 813 681 876; x_wconf 92' lang='lat' dir='ltr'>in</span> <span class='ocrx_word' id='word_1_34' title='bbox 698 813 830 877; x_wconf 86' lang='lat' dir='ltr'>Daniae</span> <span class='ocrx_word' id='word_1_35' title='bbox 847 814 1004 896; x_wconf 83' lang='lat' dir='ltr'>partibus</span> <span class='ocrx_word' id='word_1_36' title='bbox 1027 818 1211 897; x_wconf 84' lang='lat' dir='ltr'>repererat,</span> <span class='ocrx_word' id='word_1_37' title='bbox 1236 815 1323 878; x_wconf 79' lang='lat' dir='ltr'>alios</span> <span class='ocrx_word' id='word_1_38' title='bbox 1346 817 1432 880; x_wconf 87' lang='lat' dir='ltr'>oeci-</span> 
     </span>
     <span class='ocr_line' id='line_1_6' title="bbox 311 902 1464 988; baseline -0.001 -21"><span class='ocrx_word' id='word_1_39' title='bbox 311 903 419 981; x_wconf 87' lang='lat' dir='ltr'>derat,</span> <span class='ocrx_word' id='word_1_40' title='bbox 443 904 530 967; x_wconf 79' lang='lat' dir='ltr'>alios</span> <span class='ocrx_word' id='word_1_41' title='bbox 553 904 829 977; x_wconf 75' lang='lat' dir='ltr'>obtruncaverat,</span> <span class='ocrx_word' id='word_1_42' title='bbox 853 902 1039 966; x_wconf 90' lang='lat' dir='ltr'>nonnullos</span> <span class='ocrx_word' id='word_1_43' title='bbox 1061 923 1142 967; x_wconf 82' lang='lat' dir='ltr'>vero</span> <span class='ocrx_word' id='word_1_44' title='bbox 1166 903 1308 968; x_wconf 83' lang='lat' dir='ltr'>diversis</span> <span class='ocrx_word' id='word_1_45' title='bbox 1332 905 1431 988; x_wconf 91' lang='lat' dir='ltr'>penis</span> <span class='ocrx_word' id='word_1_46' title='bbox 1451 927 1464 966; x_wconf 81' lang='lat' dir='ltr'>s</span> 
     </span>
     <span class='ocr_line' id='line_1_7' title="bbox 310 990 1431 1069; baseline -0.002 -11"><span class='ocrx_word' id='word_1_47' title='bbox 310 996 346 1058; x_wconf 88' lang='lat' dir='ltr'>et</span> <span class='ocrx_word' id='word_1_48' title='bbox 369 992 578 1057; x_wconf 79' lang='lat' dir='ltr'>cruciatibus</span> <span class='ocrx_word' id='word_1_49' title='bbox 610 990 753 1056; x_wconf 86' lang='lat' dir='ltr'>affectos</span> <span class='ocrx_word' id='word_1_50' title='bbox 786 990 829 1054; x_wconf 89' lang='lat' dir='ltr'>de</span> <span class='ocrx_word' id='word_1_51' title='bbox 856 991 983 1055; x_wconf 87' lang='lat' dir='ltr'>finibus</span> <span class='ocrx_word' id='word_1_52' title='bbox 1015 991 1085 1056; x_wconf 86' lang='lat' dir='ltr'>suis</span> <span class='ocrx_word' id='word_1_53' title='bbox 1115 992 1273 1069; x_wconf 89' lang='lat' dir='ltr'>eiecerat,</span> <span class='ocrx_word' id='word_1_54' title='bbox 1307 993 1352 1057; x_wconf 92' lang='lat' dir='ltr'>ob</span> <span class='ocrx_word' id='word_1_55' title='bbox 1382 993 1431 1056; x_wconf 92' lang='lat' dir='ltr'>in-</span> 
     </span>
     <span class='ocr_line' id='line_1_8' title="bbox 309 1080 1430 1165; baseline 0.003 -21"><span class='ocrx_word' id='word_1_56' title='bbox 309 1081 415 1146; x_wconf 90' lang='lat' dir='ltr'>iurias</span> <span class='ocrx_word' id='word_1_57' title='bbox 450 1080 591 1158; x_wconf 87' lang='lat' dir='ltr'>scilieet,</span> <span class='ocrx_word' id='word_1_58' title='bbox 626 1100 711 1162; x_wconf 90' lang='lat' dir='ltr'>quas</span> <span class='ocrx_word' id='word_1_59' title='bbox 745 1080 818 1163; x_wconf 90' lang='lat' dir='ltr'>ipse</span> <span class='ocrx_word' id='word_1_60' title='bbox 853 1080 983 1143; x_wconf 91' lang='lat' dir='ltr'>dudum</span> <span class='ocrx_word' id='word_1_61' title='bbox 1020 1099 1097 1144; x_wconf 89' lang='lat' dir='ltr'>cnm</span> <span class='ocrx_word' id='word_1_62' title='bbox 1125 1081 1254 1165; x_wconf 93' lang='lat' dir='ltr'>populo</span> <span class='ocrx_word' id='word_1_63' title='bbox 1289 1102 1351 1146; x_wconf 89' lang='lat' dir='ltr'>suo</span> <span class='ocrx_word' id='word_1_64' title='bbox 1386 1083 1430 1147; x_wconf 83' lang='lat' dir='ltr'>ab</span> 
     </span>
     <span class='ocr_line' id='line_1_9' title="bbox 311 1167 1431 1254; baseline -0.001 -18"><span class='ocrx_word' id='word_1_65' title='bbox 311 1171 464 1236; x_wconf 82' lang='lat' dir='ltr'>exercitu</span> <span class='ocrx_word' id='word_1_66' title='bbox 485 1171 576 1254; x_wconf 88' lang='lat' dir='ltr'>regis</span> <span class='ocrx_word' id='word_1_67' title='bbox 599 1168 800 1252; x_wconf 84' lang='lat' dir='ltr'>pertulerat.</span> <span class='ocrx_word' id='word_1_68' title='bbox 848 1167 958 1247; x_wconf 80' lang='lat' dir='ltr'>Quem</span> <span class='ocrx_word' id='word_1_69' title='bbox 988 1172 1104 1234; x_wconf 90' lang='lat' dir='ltr'>tamen</span> <span class='ocrx_word' id='word_1_70' title='bbox 1137 1171 1213 1253; x_wconf 91' lang='lat' dir='ltr'>pius</span> <span class='ocrx_word' id='word_1_71' title='bbox 1241 1171 1431 1254; x_wconf 88' lang='lat' dir='ltr'>imperator</span> 
     </span>
     <span class='ocr_line' id='line_1_10' title="bbox 312 1258 1430 1343; baseline 0 -19"><span class='ocrx_word' id='word_1_72' title='bbox 312 1259 458 1343; x_wconf 86' lang='lat' dir='ltr'>benigne</span> <span class='ocrx_word' id='word_1_73' title='bbox 482 1259 670 1343; x_wconf 88' lang='lat' dir='ltr'>suscipiens</span> <span class='ocrx_word' id='word_1_74' title='bbox 693 1276 809 1340; x_wconf 88' lang='lat' dir='ltr'>regem</span> <span class='ocrx_word' id='word_1_75' title='bbox 833 1258 1010 1322; x_wconf 88' lang='lat' dir='ltr'>Danorum</span> <span class='ocrx_word' id='word_1_76' title='bbox 1035 1278 1108 1323; x_wconf 88' lang='lat' dir='ltr'>esse</span> <span class='ocrx_word' id='word_1_77' title='bbox 1132 1259 1297 1335; x_wconf 83' lang='lat' dir='ltr'>decernit,</span> <span class='ocrx_word' id='word_1_78' title='bbox 1322 1263 1358 1324; x_wconf 88' lang='lat' dir='ltr'>et</span> <span class='ocrx_word' id='word_1_79' title='bbox 1381 1261 1430 1324; x_wconf 90' lang='lat' dir='ltr'>in·</span> 
     </span>
    </p>

    <p class='ocr_par' dir='ltr' id='par_1_3' title="bbox 205 1346 1467 2767">
     <span class='ocr_line' id='line_1_11' title="bbox 205 1346 1467 1433; baseline 0.004 -28"><span class='ocrx_word' id='word_1_80' title='bbox 205 1369 298 1418; x_wconf 55' lang='lat' dir='ltr'>Apelt.</span> <span class='ocrx_word' id='word_1_81' title='bbox 309 1348 421 1432; x_wconf 89' lang='lat' dir='ltr'>posito</span> <span class='ocrx_word' id='word_1_82' title='bbox 443 1368 547 1432; x_wconf 88' lang='lat' dir='ltr'>super</span> <span class='ocrx_word' id='word_1_83' title='bbox 562 1349 668 1432; x_wconf 86' lang='lat' dir='ltr'>caput</span> <span class='ocrx_word' id='word_1_84' title='bbox 691 1347 764 1411; x_wconf 87' lang='lat' dir='ltr'>eius</span> <span class='ocrx_word' id='word_1_85' title='bbox 780 1346 985 1424; x_wconf 88' lang='lat' dir='ltr'>diademate,</span> <span class='ocrx_word' id='word_1_86' title='bbox 1010 1367 1088 1411; x_wconf 89' lang='lat' dir='ltr'>oum</span> <span class='ocrx_word' id='word_1_87' title='bbox 1105 1348 1160 1412; x_wconf 89' lang='lat' dir='ltr'>die</span> <span class='ocrx_word' id='word_1_88' title='bbox 1176 1351 1297 1413; x_wconf 87' lang='lat' dir='ltr'>sancto</span> <span class='ocrx_word' id='word_1_89' title='bbox 1313 1351 1430 1433; x_wconf 91' lang='lat' dir='ltr'>pente·</span> <span class='ocrx_word' id='word_1_90' title='bbox 1441 1373 1467 1411; x_wconf 82' lang='lat' dir='ltr'>u</span> 
     </span>
     <span class='ocr_line' id='line_1_12' title="bbox 309 1435 1428 1522; baseline 0.001 -21"><span class='ocrx_word' id='word_1_91' title='bbox 309 1436 441 1502; x_wconf 81' lang='lat' dir='ltr'>costes¹</span> <span class='ocrx_word' id='word_1_92' title='bbox 470 1437 566 1521; x_wconf 87' lang='lat' dir='ltr'>regio</span> <span class='ocrx_word' id='word_1_93' title='bbox 589 1435 688 1499; x_wconf 87' lang='lat' dir='ltr'>cultu</span> <span class='ocrx_word' id='word_1_94' title='bbox 718 1436 865 1500; x_wconf 79' lang='lat' dir='ltr'>restitus</span> <span class='ocrx_word' id='word_1_95' title='bbox 894 1436 1082 1519; x_wconf 88' lang='lat' dir='ltr'>imperator</span> <span class='ocrx_word' id='word_1_96' title='bbox 1110 1437 1184 1521; x_wconf 91' lang='lat' dir='ltr'>ipse</span> <span class='ocrx_word' id='word_1_97' title='bbox 1214 1438 1428 1522; x_wconf 89' lang='lat' dir='ltr'>procederet,</span> 
     </span>
     <span class='ocr_line' id='line_1_13' title="bbox 308 1523 1427 1610; baseline -0.001 -19"><span class='ocrx_word' id='word_1_98' title='bbox 308 1547 386 1591; x_wconf 92' lang='lat' dir='ltr'>eum</span> <span class='ocrx_word' id='word_1_99' title='bbox 409 1525 475 1590; x_wconf 90' lang='lat' dir='ltr'>sibi</span> <span class='ocrx_word' id='word_1_100' title='bbox 490 1526 680 1608; x_wconf 82' lang='lat' dir='ltr'>spatarium</span> <span class='ocrx_word' id='word_1_101' title='bbox 703 1523 799 1588; x_wconf 87' lang='lat' dir='ltr'>fecit.</span> <span class='ocrx_word' id='word_1_102' title='bbox 838 1524 915 1604; x_wconf 80' lang='lat' dir='ltr'>Qua</span> <span class='ocrx_word' id='word_1_103' title='bbox 933 1524 994 1588; x_wconf 90' lang='lat' dir='ltr'>ille</span> <span class='ocrx_word' id='word_1_104' title='bbox 1009 1524 1129 1609; x_wconf 88' lang='lat' dir='ltr'>gloria,</span> <span class='ocrx_word' id='word_1_105' title='bbox 1154 1526 1238 1591; x_wconf 88' lang='lat' dir='ltr'>licet</span> <span class='ocrx_word' id='word_1_106' title='bbox 1253 1525 1427 1610; x_wconf 87' lang='lat' dir='ltr'>indignus,</span> 
     </span>
     <span class='ocr_line' id='line_1_14' title="bbox 306 1613 1429 1699; baseline 0.002 -21"><span class='ocrx_word' id='word_1_107' title='bbox 306 1618 423 1680; x_wconf 89' lang='lat' dir='ltr'>mente</span> <span class='ocrx_word' id='word_1_108' title='bbox 439 1615 593 1678; x_wconf 90' lang='lat' dir='ltr'>tumidus</span> <span class='ocrx_word' id='word_1_109' title='bbox 616 1613 660 1676; x_wconf 90' lang='lat' dir='ltr'>ad</span> <span class='ocrx_word' id='word_1_110' title='bbox 680 1613 820 1697; x_wconf 86' lang='lat' dir='ltr'>propria</span> <span class='ocrx_word' id='word_1_111' title='bbox 834 1613 982 1678; x_wconf 87' lang='lat' dir='ltr'>festinus</span> <span class='ocrx_word' id='word_1_112' title='bbox 1004 1614 1125 1692; x_wconf 87' lang='lat' dir='ltr'>rediit;</span> <span class='ocrx_word' id='word_1_113' title='bbox 1150 1619 1429 1699; x_wconf 86' lang='lat' dir='ltr'>congregataque</span> 
     </span>
     <span class='ocr_line' id='line_1_15' title="bbox 307 1702 1429 1787; baseline 0.002 -21"><span class='ocrx_word' id='word_1_114' title='bbox 307 1703 532 1767; x_wconf 88' lang='lat' dir='ltr'>multitudine</span> <span class='ocrx_word' id='word_1_115' title='bbox 547 1705 758 1766; x_wconf 85' lang='lat' dir='ltr'>armatorum</span> <span class='ocrx_word' id='word_1_116' title='bbox 774 1703 938 1766; x_wconf 83' lang='lat' dir='ltr'>llrichum</span> <span class='ocrx_word' id='word_1_117' title='bbox 954 1702 1064 1766; x_wconf 87' lang='lat' dir='ltr'>filium</span> <span class='ocrx_word' id='word_1_118' title='bbox 1081 1704 1198 1787; x_wconf 85' lang='lat' dir='ltr'>patrui</span> <span class='ocrx_word' id='word_1_119' title='bbox 1220 1704 1274 1767; x_wconf 90' lang='lat' dir='ltr'>sui</span> <span class='ocrx_word' id='word_1_120' title='bbox 1284 1705 1305 1779; x_wconf 79' lang='lat'>²,</span> <span class='ocrx_word' id='word_1_121' title='bbox 1330 1705 1429 1768; x_wconf 85' lang='lat' dir='ltr'>ouius</span> 
     </span>
     <span class='ocr_line' id='line_1_16' title="bbox 309 1791 1465 1876; baseline -0.002 -20"><span class='ocrx_word' id='word_1_122' title='bbox 309 1796 391 1856; x_wconf 83' lang='lat' dir='ltr'>ante</span> <span class='ocrx_word' id='word_1_123' title='bbox 422 1791 589 1856; x_wconf 80' lang='lat' dir='ltr'>tratrem³</span> <span class='ocrx_word' id='word_1_124' title='bbox 612 1791 795 1868; x_wconf 86' lang='lat' dir='ltr'>occiderat,</span> <span class='ocrx_word' id='word_1_125' title='bbox 829 1792 987 1876; x_wconf 83' lang='lat' dir='ltr'>persequi</span> <span class='ocrx_word' id='word_1_126' title='bbox 1017 1792 1180 1870; x_wconf 84' lang='lat' dir='ltr'>instituit,</span> <span class='ocrx_word' id='word_1_127' title='bbox 1215 1796 1250 1858; x_wconf 92' lang='lat' dir='ltr'>et</span> <span class='ocrx_word' id='word_1_128' title='bbox 1281 1794 1324 1857; x_wconf 90' lang='lat' dir='ltr'>ad</span> <span class='ocrx_word' id='word_1_129' title='bbox 1349 1794 1465 1857; x_wconf 74' lang='lat' dir='ltr'>oiri-rs</span> 
     </span>
     <span class='ocr_line' id='line_1_17' title="bbox 308 1879 1426 1965; baseline 0.001 -20"><span class='ocrx_word' id='word_1_130' title='bbox 308 1883 418 1948; x_wconf 87' lang='lat' dir='ltr'>tatem</span> <span class='ocrx_word' id='word_1_131' title='bbox 441 1880 647 1956; x_wconf 90' lang='lat' dir='ltr'>Lundinam,</span> <span class='ocrx_word' id='word_1_132' title='bbox 671 1879 731 1944; x_wconf 89' lang='lat' dir='ltr'>nbi</span> <span class='ocrx_word' id='word_1_133' title='bbox 755 1901 834 1945; x_wconf 90' lang='lat' dir='ltr'>eum</span> <span class='ocrx_word' id='word_1_134' title='bbox 858 1901 935 1944; x_wconf 89' lang='lat' dir='ltr'>oum</span> <span class='ocrx_word' id='word_1_135' title='bbox 960 1881 1030 1944; x_wconf 91' lang='lat' dir='ltr'>suis</span> <span class='ocrx_word' id='word_1_136' title='bbox 1053 1882 1225 1946; x_wconf 84' lang='lat' dir='ltr'>demorari</span> <span class='ocrx_word' id='word_1_137' title='bbox 1248 1883 1426 1965; x_wconf 86' lang='lat' dir='ltr'>comperit,</span> 
     </span>
     <span class='ocr_line' id='line_1_18' title="bbox 307 1967 1428 2054; baseline 0.001 -21"><span class='ocrx_word' id='word_1_138' title='bbox 307 1969 453 2034; x_wconf 83' lang='lat' dir='ltr'>navibus</span> <span class='ocrx_word' id='word_1_139' title='bbox 477 1969 676 2054; x_wconf 78' lang='lat' dir='ltr'>applicuit⁴.</span> <span class='ocrx_word' id='word_1_140' title='bbox 724 1967 878 2052; x_wconf 81' lang='lat' dir='ltr'>Cumque</span> <span class='ocrx_word' id='word_1_141' title='bbox 901 1969 1046 2034; x_wconf 79' lang='lat' dir='ltr'>neribus</span> <span class='ocrx_word' id='word_1_142' title='bbox 1075 1989 1230 2053; x_wconf 88' lang='lat' dir='ltr'>egressus</span> <span class='ocrx_word' id='word_1_143' title='bbox 1258 1972 1294 2034; x_wconf 90' lang='lat' dir='ltr'>in</span> <span class='ocrx_word' id='word_1_144' title='bbox 1317 1992 1428 2034; x_wconf 91' lang='lat' dir='ltr'>unum</span> 
     </span>
     <span class='ocr_line' id='line_1_19' title="bbox 308 2058 1427 2136; baseline 0.001 -13"><span class='ocrx_word' id='word_1_145' title='bbox 308 2059 507 2123; x_wconf 83' lang='lat' dir='ltr'>conveniret</span> <span class='ocrx_word' id='word_1_146' title='bbox 530 2058 709 2134; x_wconf 87' lang='lat' dir='ltr'>exercitus,</span> <span class='ocrx_word' id='word_1_147' title='bbox 739 2058 845 2122; x_wconf 89' lang='lat' dir='ltr'>timor</span> <span class='ocrx_word' id='word_1_148' title='bbox 874 2059 1001 2122; x_wconf 77' lang='lat' dir='ltr'>invasit</span> <span class='ocrx_word' id='word_1_149' title='bbox 1030 2079 1149 2124; x_wconf 89' lang='lat' dir='ltr'>omnes</span> <span class='ocrx_word' id='word_1_150' title='bbox 1172 2059 1357 2136; x_wconf 86' lang='lat' dir='ltr'>inmensus,</span> <span class='ocrx_word' id='word_1_151' title='bbox 1390 2063 1427 2124; x_wconf 90' lang='lat' dir='ltr'>et</span> 
     </span>
     <span class='ocr_line' id='line_1_20' title="bbox 309 2146 1427 2231; baseline 0.001 -20"><span class='ocrx_word' id='word_1_152' title='bbox 309 2150 369 2211; x_wconf 70' lang='lat' dir='ltr'>utc</span> <span class='ocrx_word' id='word_1_153' title='bbox 397 2166 510 2223; x_wconf 83' lang='lat' dir='ltr'>naves,</span> <span class='ocrx_word' id='word_1_154' title='bbox 541 2167 626 2230; x_wconf 83' lang='lat' dir='ltr'>quas</span> <span class='ocrx_word' id='word_1_155' title='bbox 653 2146 811 2230; x_wconf 87' lang='lat' dir='ltr'>Magnus,</span> <span class='ocrx_word' id='word_1_156' title='bbox 843 2168 886 2212; x_wconf 88' lang='lat' dir='ltr'>ne</span> <span class='ocrx_word' id='word_1_157' title='bbox 916 2147 992 2231; x_wconf 88' lang='lat' dir='ltr'>quis</span> <span class='ocrx_word' id='word_1_158' title='bbox 1022 2148 1114 2212; x_wconf 88' lang='lat' dir='ltr'>forte</span> <span class='ocrx_word' id='word_1_159' title='bbox 1137 2168 1179 2212; x_wconf 84' lang='lat' dir='ltr'>ex</span> <span class='ocrx_word' id='word_1_160' title='bbox 1202 2149 1276 2214; x_wconf 90' lang='lat' dir='ltr'>acie</span> <span class='ocrx_word' id='word_1_161' title='bbox 1300 2149 1427 2213; x_wconf 88' lang='lat' dir='ltr'>adeas</span> 
     </span>
     <span class='ocr_line' id='line_1_21' title="bbox 308 2235 1465 2322; baseline -0.001 -22"><span class='ocrx_word' id='word_1_162' title='bbox 308 2237 520 2321; x_wconf 80' lang='lat' dir='ltr'>confugeret,</span> <span class='ocrx_word' id='word_1_163' title='bbox 545 2257 566 2299; x_wconf 93' lang='lat' dir='ltr'>a</span> <span class='ocrx_word' id='word_1_164' title='bbox 588 2239 681 2300; x_wconf 88' lang='lat' dir='ltr'>terra</span> <span class='ocrx_word' id='word_1_165' title='bbox 703 2235 835 2300; x_wconf 80' lang='lat' dir='ltr'>iecerat</span> <span class='ocrx_word' id='word_1_166' title='bbox 864 2236 992 2313; x_wconf 87' lang='lat' dir='ltr'>reduci,</span> <span class='ocrx_word' id='word_1_167' title='bbox 1025 2237 1139 2302; x_wconf 89' lang='lat' dir='ltr'>denuo</span> <span class='ocrx_word' id='word_1_168' title='bbox 1168 2237 1282 2302; x_wconf 88' lang='lat' dir='ltr'>littori</span> <span class='ocrx_word' id='word_1_169' title='bbox 1311 2242 1465 2322; x_wconf 76' lang='lat' dir='ltr'>postu-20</span> 
     </span>
     <span class='ocr_line' id='line_1_22' title="bbox 309 2323 1426 2409; baseline 0.003 -21"><span class='ocrx_word' id='word_1_170' title='bbox 309 2325 431 2390; x_wconf 90' lang='lat' dir='ltr'>labant</span> <span class='ocrx_word' id='word_1_171' title='bbox 465 2325 600 2390; x_wconf 83' lang='lat' dir='ltr'>advehi.</span> <span class='ocrx_word' id='word_1_172' title='bbox 653 2325 702 2388; x_wconf 85' lang='lat' dir='ltr'>At</span> <span class='ocrx_word' id='word_1_173' title='bbox 740 2324 903 2408; x_wconf 88' lang='lat' dir='ltr'>Magnus:</span> <span class='ocrx_word' id='word_1_174' title='bbox 952 2323 1067 2404; x_wconf 75' lang='lat' dir='ltr'>‘Quit’,</span> <span class='ocrx_word' id='word_1_175' title='bbox 1106 2327 1231 2409; x_wconf 89' lang='lat' dir='ltr'>inquit,</span> <span class='ocrx_word' id='word_1_176' title='bbox 1273 2327 1426 2404; x_wconf 72' lang='lat' dir='ltr'>timetis,</span> 
     </span>
     <span class='ocr_line' id='line_1_23' title="bbox 306 2413 1429 2498; baseline 0.001 -20"><span class='ocrx_word' id='word_1_177' title='bbox 306 2414 434 2478; x_wconf 85' lang='lat' dir='ltr'>milites</span> <span class='ocrx_word' id='word_1_178' title='bbox 455 2413 657 2478; x_wconf 81' lang='lat' dir='ltr'>fortissimi?</span> <span class='ocrx_word' id='word_1_179' title='bbox 702 2413 839 2498; x_wconf 81' lang='lat' dir='ltr'>Viginti</span> <span class='ocrx_word' id='word_1_180' title='bbox 867 2418 949 2477; x_wconf 86' lang='lat' dir='ltr'>sunt</span> <span class='ocrx_word' id='word_1_181' title='bbox 979 2414 1076 2478; x_wconf 90' lang='lat' dir='ltr'>milia</span> <span class='ocrx_word' id='word_1_182' title='bbox 1097 2415 1248 2479; x_wconf 82' lang='lat' dir='ltr'>virorum</span> <span class='ocrx_word' id='word_1_183' title='bbox 1280 2415 1429 2479; x_wconf 79' lang='lat' dir='ltr'>tortium</span> 
     </span>
     <span class='ocr_line' id='line_1_24' title="bbox 308 2503 1428 2589; baseline 0.002 -21"><span class='ocrx_word' id='word_1_184' title='bbox 308 2504 478 2569; x_wconf 86' lang='lat' dir='ltr'>exercitus</span> <span class='ocrx_word' id='word_1_185' title='bbox 501 2503 620 2580; x_wconf 88' lang='lat' dir='ltr'>nostri,</span> <span class='ocrx_word' id='word_1_186' title='bbox 652 2505 688 2567; x_wconf 90' lang='lat' dir='ltr'>et</span> <span class='ocrx_word' id='word_1_187' title='bbox 718 2503 747 2566; x_wconf 89' lang='lat' dir='ltr'>si</span> <span class='ocrx_word' id='word_1_188' title='bbox 775 2507 881 2586; x_wconf 87' lang='lat' dir='ltr'>caput</span> <span class='ocrx_word' id='word_1_189' title='bbox 910 2503 1032 2567; x_wconf 93' lang='lat' dir='ltr'>mundi</span> <span class='ocrx_word' id='word_1_190' title='bbox 1054 2504 1198 2568; x_wconf 84' lang='lat' dir='ltr'>Romam</span> <span class='ocrx_word' id='word_1_191' title='bbox 1230 2504 1325 2569; x_wconf 88' lang='lat' dir='ltr'>adire</span> <span class='ocrx_word' id='word_1_192' title='bbox 1355 2505 1428 2589; x_wconf 86' lang='lat' dir='ltr'>pla·</span> 
     </span>
     <span class='ocr_line' id='line_1_25' title="bbox 310 2591 1428 2678; baseline -0.001 -21"><span class='ocrx_word' id='word_1_193' title='bbox 310 2593 447 2672; x_wconf 89' lang='lat' dir='ltr'>cnisset,</span> <span class='ocrx_word' id='word_1_194' title='bbox 480 2595 600 2657; x_wconf 90' lang='lat' dir='ltr'>tantae</span> <span class='ocrx_word' id='word_1_195' title='bbox 633 2591 852 2656; x_wconf 91' lang='lat' dir='ltr'>multitudini</span> <span class='ocrx_word' id='word_1_196' title='bbox 884 2591 1001 2656; x_wconf 90' lang='lat' dir='ltr'>nullus</span> <span class='ocrx_word' id='word_1_197' title='bbox 1034 2592 1200 2658; x_wconf 86' lang='lat' dir='ltr'>obsistere</span> <span class='ocrx_word' id='word_1_198' title='bbox 1232 2594 1428 2678; x_wconf 86' lang='lat' dir='ltr'>potuisset&#39;.</span> 
     </span>
     <span class='ocr_line' id='line_1_26' title="bbox 306 2680 1467 2767; baseline 0.003 -23"><span class='ocrx_word' id='word_1_199' title='bbox 306 2681 383 2746; x_wconf 91' lang='lat' dir='ltr'>Illis</span> <span class='ocrx_word' id='word_1_200' title='bbox 414 2686 554 2747; x_wconf 86' lang='lat' dir='ltr'>econtra</span> <span class='ocrx_word' id='word_1_201' title='bbox 583 2680 681 2744; x_wconf 89' lang='lat' dir='ltr'>nulla</span> <span class='ocrx_word' id='word_1_202' title='bbox 712 2680 946 2745; x_wconf 83' lang='lat' dir='ltr'>consolatione</span> <span class='ocrx_word' id='word_1_203' title='bbox 981 2684 1136 2766; x_wconf 84' lang='lat' dir='ltr'>recepta,</span> <span class='ocrx_word' id='word_1_204' title='bbox 1175 2683 1235 2746; x_wconf 93' lang='lat' dir='ltr'>sed</span> <span class='ocrx_word' id='word_1_205' title='bbox 1265 2683 1467 2767; x_wconf 61' lang='lat' dir='ltr'>propr-iaces</span> 
     </span>
    </p>

    <p class='ocr_par' dir='ltr' id='par_1_4' title="bbox 196 2768 1530 3387">
     <span class='ocr_line' id='line_1_27' title="bbox 196 2768 1430 2854; baseline -0.002 -15"><span class='ocrx_word' id='word_1_206' title='bbox 196 2771 398 2851; x_wconf 59' lang='lat' dir='ltr'>assumtae</span> <span class='ocrx_word' id='word_1_207' title='bbox 434 2769 684 2845; x_wconf 82' lang='lat' dir='ltr'>diffidentibus,</span> <span class='ocrx_word' id='word_1_208' title='bbox 721 2768 834 2833; x_wconf 82' lang='lat' dir='ltr'>David</span> <span class='ocrx_word' id='word_1_209' title='bbox 868 2770 1067 2834; x_wconf 85' lang='lat' dir='ltr'>adolescens</span> <span class='ocrx_word' id='word_1_210' title='bbox 1103 2772 1270 2854; x_wconf 89' lang='lat' dir='ltr'>egregius,</span> <span class='ocrx_word' id='word_1_211' title='bbox 1307 2771 1430 2836; x_wconf 81' lang='lat' dir='ltr'>Eriehi</span> 
     </span>
     <span class='ocr_line' id='line_1_28' title="bbox 306 2857 1430 2936; baseline 0 -12"><span class='ocrx_word' id='word_1_212' title='bbox 306 2859 430 2924; x_wconf 89' lang='lat' dir='ltr'>sororis</span> <span class='ocrx_word' id='word_1_213' title='bbox 454 2857 576 2936; x_wconf 81' lang='lat' dir='ltr'>filius⁵,</span> <span class='ocrx_word' id='word_1_214' title='bbox 599 2859 637 2921; x_wconf 92' lang='lat' dir='ltr'>in</span> <span class='ocrx_word' id='word_1_215' title='bbox 660 2858 822 2921; x_wconf 87' lang='lat' dir='ltr'>Lundiua</span> <span class='ocrx_word' id='word_1_216' title='bbox 845 2859 985 2923; x_wconf 87' lang='lat' dir='ltr'>civitate</span> <span class='ocrx_word' id='word_1_217' title='bbox 1009 2859 1181 2936; x_wconf 82' lang='lat' dir='ltr'>obsessus,</span> <span class='ocrx_word' id='word_1_218' title='bbox 1206 2881 1284 2924; x_wconf 90' lang='lat' dir='ltr'>cum</span> <span class='ocrx_word' id='word_1_219' title='bbox 1309 2857 1430 2924; x_wconf 71' lang='lat' dir='ltr'>OCC‘is</span> 
     </span>
     <span class='ocr_line' id='line_1_29' title="bbox 304 2946 1429 3031; baseline 0.002 -20"><span class='ocrx_word' id='word_1_220' title='bbox 304 2947 474 3012; x_wconf 89' lang='lat' dir='ltr'>militibus</span> <span class='ocrx_word' id='word_1_221' title='bbox 503 2946 701 3012; x_wconf 80' lang='lat' dir='ltr'>Teutonieis</span> <span class='ocrx_word' id='word_1_222' title='bbox 730 2946 927 3011; x_wconf 81' lang='lat' dir='ltr'>fortissimis</span> <span class='ocrx_word' id='word_1_223' title='bbox 965 2967 1120 3031; x_wconf 88' lang='lat' dir='ltr'>egressus</span> <span class='ocrx_word' id='word_1_224' title='bbox 1151 2950 1429 3014; x_wconf 81' lang='lat' dir='ltr'>adversariorum</span> 
     </span>
     <span class='ocr_line' id='line_1_30' title="bbox 306 3035 1530 3121; baseline 0.001 -20"><span class='ocrx_word' id='word_1_225' title='bbox 306 3037 493 3102; x_wconf 85' lang='lat' dir='ltr'>exercitum</span> <span class='ocrx_word' id='word_1_226' title='bbox 524 3035 715 3100; x_wconf 89' lang='lat' dir='ltr'>comminus</span> <span class='ocrx_word' id='word_1_227' title='bbox 744 3036 857 3100; x_wconf 83' lang='lat' dir='ltr'>fertur</span> <span class='ocrx_word' id='word_1_228' title='bbox 886 3037 923 3099; x_wconf 91' lang='lat' dir='ltr'>in</span> <span class='ocrx_word' id='word_1_229' title='bbox 946 3037 1107 3114; x_wconf 89' lang='lat' dir='ltr'>medium,</span> <span class='ocrx_word' id='word_1_230' title='bbox 1134 3037 1530 3121; x_wconf 56' lang='lat' dir='ltr'>*disturbatisqueusru</span> 
     </span>
     <span class='ocr_line' id='line_1_31' title="bbox 305 3125 1466 3212; baseline -0.002 -22"><span class='ocrx_word' id='word_1_231' title='bbox 305 3125 439 3190; x_wconf 86' lang='lat' dir='ltr'>cunetis</span> <span class='ocrx_word' id='word_1_232' title='bbox 463 3128 566 3208; x_wconf 88' lang='lat' dir='ltr'>atque</span> <span class='ocrx_word' id='word_1_233' title='bbox 589 3125 815 3210; x_wconf 88' lang='lat' dir='ltr'>fugientibus,</span> <span class='ocrx_word' id='word_1_234' title='bbox 849 3125 996 3208; x_wconf 89' lang='lat' dir='ltr'>Magnus</span> <span class='ocrx_word' id='word_1_235' title='bbox 1018 3126 1057 3189; x_wconf 92' lang='lat' dir='ltr'>in</span> <span class='ocrx_word' id='word_1_236' title='bbox 1079 3130 1207 3191; x_wconf 88' lang='lat' dir='ltr'>terram</span> <span class='ocrx_word' id='word_1_237' title='bbox 1231 3130 1466 3212; x_wconf 79' lang='lat' dir='ltr'>prostratusso</span> 
     </span>
     <span class='ocr_line' id='line_1_32' title="bbox 303 3213 1426 3298; baseline 0.001 -19"><span class='ocrx_word' id='word_1_238' title='bbox 303 3214 511 3298; x_wconf 88' lang='lat' dir='ltr'>relinquitur</span> <span class='ocrx_word' id='word_1_239' title='bbox 541 3213 643 3277; x_wconf 86' lang='lat' dir='ltr'>solus.</span> <span class='ocrx_word' id='word_1_240' title='bbox 690 3213 801 3293; x_wconf 82' lang='lat' dir='ltr'>Quem</span> <span class='ocrx_word' id='word_1_241' title='bbox 829 3218 1049 3298; x_wconf 85' lang='lat' dir='ltr'>superastans</span> <span class='ocrx_word' id='word_1_242' title='bbox 1072 3215 1186 3280; x_wconf 84' lang='lat' dir='ltr'>David</span> <span class='ocrx_word' id='word_1_243' title='bbox 1210 3216 1426 3282; x_wconf 87' lang='lat' dir='ltr'>adolescens:</span> 
     </span>
     <span class='ocr_line' id='line_1_33' title="bbox 306 3302 1427 3387; baseline 0.001 -17"><span class='ocrx_word' id='word_1_244' title='bbox 306 3303 366 3382; x_wconf 91' lang='lat' dir='ltr'>‘O&#39;,</span> <span class='ocrx_word' id='word_1_245' title='bbox 391 3303 514 3387; x_wconf 89' lang='lat' dir='ltr'>inquit,</span> <span class='ocrx_word' id='word_1_246' title='bbox 547 3303 648 3367; x_wconf 86' lang='lat' dir='ltr'>‘latro</span> <span class='ocrx_word' id='word_1_247' title='bbox 671 3302 933 3367; x_wconf 88' lang='lat' dir='ltr'>sceleratissime</span> <span class='ocrx_word' id='word_1_248' title='bbox 957 3307 993 3367; x_wconf 91' lang='lat' dir='ltr'>et</span> <span class='ocrx_word' id='word_1_249' title='bbox 1016 3304 1188 3387; x_wconf 86' lang='lat' dir='ltr'>parricida</span> <span class='ocrx_word' id='word_1_250' title='bbox 1210 3305 1427 3384; x_wconf 88' lang='lat' dir='ltr'>infidissime,</span> 
     </span>
    </p>
   </div>
   <div class='ocr_carea' id='block_1_3' title="bbox 220 3492 1430 3599">
    <p class='ocr_par' dir='ltr' id='par_1_5' title="bbox 220 3492 1430 3599">
     <span class='ocr_line' id='line_1_34' title="bbox 220 3492 1430 3556; baseline 0 -20"><span class='ocrx_word' id='word_1_251' title='bbox 220 3531 227 3556; x_wconf 66' lang='lat'>,</span> <span class='ocrx_word' id='word_1_252' title='bbox 303 3494 326 3546; x_wconf 75' lang='lat' dir='ltr'>a)</span> <span class='ocrx_word' id='word_1_253' title='bbox 340 3497 361 3536; x_wconf 84' lang='lat' dir='ltr'>el</span> <span class='ocrx_word' id='word_1_254' title='bbox 375 3496 426 3539; x_wconf 80' lang='lat' dir='ltr'>odd.</span> <span class='ocrx_word' id='word_1_255' title='bbox 440 3495 472 3544; x_wconf 77' lang='grc' dir='ltr'>Ε,-</span> <span class='ocrx_word' id='word_1_256' title='bbox 492 3505 513 3544; x_wconf 85' lang='lat' dir='ltr'>p.</span> <span class='ocrx_word' id='word_1_257' title='bbox 527 3506 547 3537; x_wconf 77' lang='lat' dir='ltr'>s.</span> <span class='ocrx_word' id='word_1_258' title='bbox 563 3501 586 3534; x_wconf 80' lang='lat' dir='ltr'>et</span> <span class='ocrx_word' id='word_1_259' title='bbox 599 3505 647 3545; x_wconf 81' lang='lat' dir='ltr'>arg.</span> <span class='ocrx_word' id='word_1_260' title='bbox 661 3492 733 3534; x_wconf 80' lang='lat' dir='ltr'>eidem</span> <span class='ocrx_word' id='word_1_261' title='bbox 748 3498 792 3542; x_wconf 83' lang='lat' dir='ltr'>opt.</span> <span class='ocrx_word' id='word_1_262' title='bbox 808 3494 831 3536; x_wconf 89' lang='lat' dir='ltr'>P.</span> <span class='ocrx_word' id='word_1_263' title='bbox 899 3493 934 3552; x_wconf 89' lang='lat' dir='ltr'>b)</span> <span class='ocrx_word' id='word_1_264' title='bbox 949 3505 1003 3544; x_wconf 84' lang='lat' dir='ltr'>roge</span> <span class='ocrx_word' id='word_1_265' title='bbox 1017 3494 1084 3536; x_wconf 82' lang='lat' dir='ltr'>Loth.</span> <span class='ocrx_word' id='word_1_266' title='bbox 1095 3495 1121 3536; x_wconf 83' lang='grc' dir='ltr'>Ε.</span> <span class='ocrx_word' id='word_1_267' title='bbox 1210 3495 1232 3546; x_wconf 82' lang='lat' dir='ltr'>e)</span> <span class='ocrx_word' id='word_1_268' title='bbox 1245 3497 1277 3534; x_wconf 79' lang='lat' dir='ltr'>stc</span> <span class='ocrx_word' id='word_1_269' title='bbox 1290 3507 1307 3539; x_wconf 82' lang='lat' dir='ltr'>c.</span> <span class='ocrx_word' id='word_1_270' title='bbox 1322 3501 1341 3535; x_wconf 76' lang='lat' dir='ltr'>o!</span> <span class='ocrx_word' id='word_1_271' title='bbox 1355 3496 1377 3534; x_wconf 79' lang='grc' dir='ltr'><em>Ε</em></span> <span class='ocrx_word' id='word_1_272' title='bbox 1389 3497 1430 3543; x_wconf 66' lang='grc' dir='ltr'>(η</span> 
     </span>
     <span class='ocr_line' id='line_1_35' title="bbox 304 3547 1088 3599; baseline -0.003 -11"><span class='ocrx_word' id='word_1_273' title='bbox 304 3561 348 3599; x_wconf 78' lang='lat' dir='ltr'>qua</span> <span class='ocrx_word' id='word_1_274' title='bbox 363 3550 427 3591; x_wconf 65' lang='lat' dir='ltr'>mon.</span> <span class='ocrx_word' id='word_1_275' title='bbox 440 3549 524 3598; x_wconf 62' lang='lat' dir='ltr'>suns,</span> <span class='ocrx_word' id='word_1_276' title='bbox 538 3559 565 3588; x_wconf 73' lang='lat' dir='ltr'>ex</span> <span class='ocrx_word' id='word_1_277' title='bbox 578 3549 619 3586; x_wconf 76' lang='lat' dir='ltr'>buc</span> <span class='ocrx_word' id='word_1_278' title='bbox 633 3549 690 3591; x_wconf 69' lang='lat' dir='ltr'>Hiar,</span> <span class='ocrx_word' id='word_1_279' title='bbox 704 3548 818 3597; x_wconf 47' lang='lat' dir='ltr'>secare„</span> <span class='ocrx_word' id='word_1_280' title='bbox 832 3555 858 3586; x_wconf 85' lang='lat' dir='ltr'>ut</span> <span class='ocrx_word' id='word_1_281' title='bbox 871 3547 983 3586; x_wconf 76' lang='lat' dir='ltr'>delendum</span> <span class='ocrx_word' id='word_1_282' title='bbox 997 3548 1088 3591; x_wconf 72' lang='lat' dir='ltr'>videtur.</span> 
     </span>
    </p>
   </div>
   <div class='ocr_carea' id='block_1_4' title="bbox 303 3706 1583 4392">
    <p class='ocr_par' dir='ltr' id='par_1_6' title="bbox 304 3706 1583 3849">
     <span class='ocr_line' id='line_1_36' title="bbox 308 3706 1583 3776; baseline 0.007 -19"><span class='ocrx_word' id='word_1_283' title='bbox 308 3706 335 3772; x_wconf 88' lang='lat' dir='ltr'>l)</span> <span class='ocrx_word' id='word_1_284' title='bbox 351 3706 493 3758; x_wconf 68' lang='lat' dir='ltr'>Pambotis</span> <span class='ocrx_word' id='word_1_285' title='bbox 514 3709 613 3772; x_wconf 78' lang='lat' dir='ltr'>potius.</span> <span class='ocrx_word' id='word_1_286' title='bbox 652 3708 695 3772; x_wconf 75' lang='lat' dir='ltr'>Os.</span> <span class='ocrx_word' id='word_1_287' title='bbox 720 3707 879 3758; x_wconf 66' lang='lat' dir='ltr'>Banhcrdi</span> <span class='ocrx_word' id='word_1_288' title='bbox 895 3707 911 3760; x_wconf 88' lang='lat' dir='ltr'>l.</span> <span class='ocrx_word' id='word_1_289' title='bbox 932 3707 948 3761; x_wconf 84' lang='lat' dir='ltr'>l.</span> <span class='ocrx_word' id='word_1_290' title='bbox 964 3723 993 3774; x_wconf 82' lang='lat' dir='ltr'>p.</span> <span class='ocrx_word' id='word_1_291' title='bbox 1015 3710 1075 3772; x_wconf 81' lang='lat'>541,</span> <span class='ocrx_word' id='word_1_292' title='bbox 1101 3725 1128 3760; x_wconf 83' lang='lat' dir='ltr'>n.</span> <span class='ocrx_word' id='word_1_293' title='bbox 1147 3709 1190 3763; x_wconf 88' lang='lat'>38.</span> <span class='ocrx_word' id='word_1_294' title='bbox 1299 3711 1328 3776; x_wconf 81' lang='lat'>2)</span> <span class='ocrx_word' id='word_1_295' title='bbox 1345 3710 1464 3765; x_wconf 67' lang='lat' dir='ltr'>arsere</span> <span class='ocrx_word' id='word_1_296' title='bbox 1581 3711 1583 3772; x_wconf 81' lang='grc'>1</span> 
     </span>
     <span class='ocr_line' id='line_1_37' title="bbox 304 3776 1429 3849; baseline 0.003 -19"><span class='ocrx_word' id='word_1_297' title='bbox 304 3776 415 3843; x_wconf 71' lang='lat' dir='ltr'>Epotbe.</span> <span class='ocrx_word' id='word_1_298' title='bbox 505 3777 533 3843; x_wconf 83' lang='lat'>3)</span> <span class='ocrx_word' id='word_1_299' title='bbox 557 3777 707 3829; x_wconf 71' lang='lat' dir='ltr'>chtonem</span> <span class='ocrx_word' id='word_1_300' title='bbox 731 3777 865 3840; x_wconf 85' lang='lat' dir='ltr'>Laward,·</span> <span class='ocrx_word' id='word_1_301' title='bbox 891 3779 927 3841; x_wconf 75' lang='lat' dir='ltr'>cf.</span> <span class='ocrx_word' id='word_1_302' title='bbox 945 3793 1032 3846; x_wconf 82' lang='lat' dir='ltr'>supra</span> <span class='ocrx_word' id='word_1_303' title='bbox 1053 3795 1083 3844; x_wconf 79' lang='lat' dir='ltr'>p.</span> <span class='ocrx_word' id='word_1_304' title='bbox 1105 3781 1149 3844; x_wconf 83' lang='lat'>37,</span> <span class='ocrx_word' id='word_1_305' title='bbox 1174 3797 1201 3833; x_wconf 83' lang='lat' dir='ltr'>n.</span> <span class='ocrx_word' id='word_1_306' title='bbox 1223 3783 1248 3835; x_wconf 89' lang='lat'>3.</span> <span class='ocrx_word' id='word_1_307' title='bbox 1339 3783 1368 3849; x_wconf 83' lang='lat'>4)</span> <span class='ocrx_word' id='word_1_308' title='bbox 1392 3781 1429 3834; x_wconf 76' lang='lat' dir='ltr'>ln</span> 
     </span>
    </p>

    <p class='ocr_par' dir='ltr' id='par_1_7' title="bbox 303 3847 1430 3920">
     <span class='ocr_line' id='line_1_38' title="bbox 303 3847 1430 3920; baseline 0.005 -21"><span class='ocrx_word' id='word_1_309' title='bbox 303 3849 368 3900; x_wconf 59' lang='lat' dir='ltr'>mnu</span> <span class='ocrx_word' id='word_1_310' title='bbox 385 3847 504 3911; x_wconf 73' lang='lat' dir='ltr'>Fotevilc,</span> <span class='ocrx_word' id='word_1_311' title='bbox 519 3847 664 3912; x_wconf 68' lang='lat' dir='ltr'>peninsula</span> <span class='ocrx_word' id='word_1_312' title='bbox 689 3848 720 3899; x_wconf 80' lang='lat' dir='ltr'>de</span> <span class='ocrx_word' id='word_1_313' title='bbox 737 3847 847 3900; x_wconf 63' lang='lat' dir='ltr'>Skanda·</span> <span class='ocrx_word' id='word_1_314' title='bbox 864 3849 958 3914; x_wconf 68' lang='lat' dir='ltr'>effect),</span> <span class='ocrx_word' id='word_1_315' title='bbox 984 3865 1055 3901; x_wconf 76' lang='lat' dir='ltr'>nune</span> <span class='ocrx_word' id='word_1_316' title='bbox 1080 3851 1148 3902; x_wconf 78' lang='lat' dir='ltr'>dioto</span> <span class='ocrx_word' id='word_1_317' title='bbox 1171 3851 1238 3902; x_wconf 67' lang='lat' dir='ltr'>Hos</span> <span class='ocrx_word' id='word_1_318' title='bbox 1259 3851 1353 3916; x_wconf 76' lang='lat' dir='ltr'>Vikm,</span> <span class='ocrx_word' id='word_1_319' title='bbox 1378 3856 1430 3920; x_wconf 75' lang='lat' dir='ltr'>qm·</span> 
     </span>
    </p>

    <p class='ocr_par' dir='ltr' id='par_1_8' title="bbox 305 3916 1429 3987">
     <span class='ocr_line' id='line_1_39' title="bbox 305 3916 1429 3987; baseline 0.006 -18"><span class='ocrx_word' id='word_1_320' title='bbox 305 3918 411 3984; x_wconf 69' lang='lat' dir='ltr'>longius</span> <span class='ocrx_word' id='word_1_321' title='bbox 428 3918 510 3968; x_wconf 77' lang='lat' dir='ltr'>distat</span> <span class='ocrx_word' id='word_1_322' title='bbox 528 3933 545 3968; x_wconf 83' lang='lat' dir='ltr'>a</span> <span class='ocrx_word' id='word_1_323' title='bbox 564 3916 646 3967; x_wconf 70' lang='lat' dir='ltr'>lntnd</span> <span class='ocrx_word' id='word_1_324' title='bbox 663 3920 775 3983; x_wconf 76' lang='lat' dir='ltr'>civitate,</span> <span class='ocrx_word' id='word_1_325' title='bbox 795 3935 881 3986; x_wconf 82' lang='lat' dir='ltr'>prope</span> <span class='ocrx_word' id='word_1_326' title='bbox 899 3921 1026 3987; x_wconf 76' lang='lat' dir='ltr'>oppidum</span> <span class='ocrx_word' id='word_1_327' title='bbox 1044 3921 1187 3977; x_wconf 82' lang='lat' dir='ltr'>Hammur.</span> <span class='ocrx_word' id='word_1_328' title='bbox 1226 3923 1269 3986; x_wconf 74' lang='lat' dir='ltr'>Cf.</span> <span class='ocrx_word' id='word_1_329' title='bbox 1289 3922 1319 3977; x_wconf 86' lang='lat' dir='ltr'>J.</span> <span class='ocrx_word' id='word_1_330' title='bbox 1337 3923 1429 3976; x_wconf 71' lang='lat' dir='ltr'>Stam-</span> 
     </span>
    </p>

    <p class='ocr_par' dir='ltr' id='par_1_9' title="bbox 304 3985 1428 4060">
     <span class='ocr_line' id='line_1_40' title="bbox 304 3985 1428 4060; baseline 0.007 -21"><span class='ocrx_word' id='word_1_331' title='bbox 304 3995 383 4056; x_wconf 68' lang='lat' dir='ltr'>eimp</span> <span class='ocrx_word' id='word_1_332' title='bbox 402 3989 432 4040; x_wconf 79' lang='lat' dir='ltr'>ia</span> <span class='ocrx_word' id='word_1_333' title='bbox 451 3987 532 4041; x_wconf 63' lang='grc' dir='ltr'>ίΗιίιί.</span> <span class='ocrx_word' id='word_1_334' title='bbox 556 3985 720 4050; x_wconf 76' lang='lat' dir='ltr'>Tr&#39;dsalcrz&#39;ft&#39;</span> <span class='ocrx_word' id='word_1_335' title='bbox 744 3989 804 4040; x_wconf 87' lang='lat' dir='ltr'>Vll.</span> <span class='ocrx_word' id='word_1_336' title='bbox 822 4005 884 4055; x_wconf 72' lang='lat' dir='ltr'>ser,</span> <span class='ocrx_word' id='word_1_337' title='bbox 903 3998 921 4044; x_wconf 77' lang='lat' dir='ltr'>t.</span> <span class='ocrx_word' id='word_1_338' title='bbox 935 3992 986 4058; x_wconf 85' lang='lat' dir='ltr'>IV,</span> <span class='ocrx_word' id='word_1_339' title='bbox 1002 4008 1032 4058; x_wconf 84' lang='lat' dir='ltr'>p.</span> <span class='ocrx_word' id='word_1_340' title='bbox 1047 3993 1196 4047; x_wconf 76' lang='lat'>742-747.</span> <span class='ocrx_word' id='word_1_341' title='bbox 1287 3997 1314 4060; x_wconf 84' lang='lat'>5)</span> <span class='ocrx_word' id='word_1_342' title='bbox 1340 3995 1428 4047; x_wconf 75' lang='lat' dir='ltr'>Unica</span> 
     </span>
    </p>

    <p class='ocr_par' dir='ltr' id='par_1_10' title="bbox 304 4056 1463 4201">
     <span class='ocr_line' id='line_1_41' title="bbox 304 4056 1463 4130; baseline 0.008 -20"><span class='ocrx_word' id='word_1_343' title='bbox 304 4073 382 4111; x_wconf 85' lang='lat' dir='ltr'>soror</span> <span class='ocrx_word' id='word_1_344' title='bbox 408 4057 489 4110; x_wconf 66' lang='lat' dir='ltr'>lirici</span> <span class='ocrx_word' id='word_1_345' title='bbox 514 4056 629 4120; x_wconf 70' lang='lat' dir='ltr'>amum,</span> <span class='ocrx_word' id='word_1_346' title='bbox 655 4057 716 4120; x_wconf 81' lang='lat' dir='ltr'>fib&#39;c</span> <span class='ocrx_word' id='word_1_347' title='bbox 742 4059 822 4110; x_wconf 64' lang='lat' dir='ltr'>Erice·</span> <span class='ocrx_word' id='word_1_348' title='bbox 847 4061 958 4127; x_wconf 67' lang='lat' dir='ltr'>Eyotbq</span> <span class='ocrx_word' id='word_1_349' title='bbox 992 4069 1056 4115; x_wconf 81' lang='lat' dir='ltr'>noto</span> <span class='ocrx_word' id='word_1_350' title='bbox 1081 4070 1120 4115; x_wconf 78' lang='lat' dir='ltr'>cst</span> <span class='ocrx_word' id='word_1_351' title='bbox 1146 4063 1326 4130; x_wconf 73' lang='lat' dir='ltr'>Raynihs&#39;ldr&#39;s</span> <span class='ocrx_word' id='word_1_352' title='bbox 1351 4081 1463 4119; x_wconf 68' lang='lat' dir='ltr'>uxoreo</span> 
     </span>
     <span class='ocr_line' id='line_1_42' title="bbox 304 4127 1426 4201; baseline 0.011 -21"><span class='ocrx_word' id='word_1_353' title='bbox 304 4127 437 4194; x_wconf 75' lang='lat' dir='ltr'>Hoqus&#39;m&#39;,</span> <span class='ocrx_word' id='word_1_354' title='bbox 455 4145 489 4180; x_wconf 73' lang='lat' dir='ltr'>ee</span> <span class='ocrx_word' id='word_1_355' title='bbox 506 4143 558 4195; x_wconf 79' lang='lat' dir='ltr'>quo</span> <span class='ocrx_word' id='word_1_356' title='bbox 573 4128 677 4193; x_wconf 61' lang='lat' dir='ltr'>peperat</span> <span class='ocrx_word' id='word_1_357' title='bbox 688 4127 801 4180; x_wconf 70' lang='lat' dir='ltr'>aruum</span> <span class='ocrx_word' id='word_1_358' title='bbox 814 4131 915 4199; x_wconf 73' lang='lat' dir='ltr'>Spreta</span> <span class='ocrx_word' id='word_1_359' title='bbox 932 4133 971 4184; x_wconf 77' lang='lat' dir='ltr'>vel</span> <span class='ocrx_word' id='word_1_360' title='bbox 981 4133 1075 4198; x_wconf 83' lang='lat' dir='ltr'>Lamb,</span> <span class='ocrx_word' id='word_1_361' title='bbox 1087 4141 1180 4201; x_wconf 73' lang='lat' dir='ltr'>postea</span> <span class='ocrx_word' id='word_1_362' title='bbox 1198 4151 1224 4188; x_wconf 85' lang='lat' dir='ltr'>a.</span> <span class='ocrx_word' id='word_1_363' title='bbox 1235 4137 1426 4194; x_wconf 79' lang='lat'>1137—1147.</span> 
     </span>
    </p>

    <p class='ocr_par' dir='ltr' id='par_1_11' title="bbox 303 4197 1427 4262">
     <span class='ocr_line' id='line_1_43' title="bbox 303 4197 1427 4262; baseline 0.012 -13"><span class='ocrx_word' id='word_1_364' title='bbox 303 4213 390 4262; x_wconf 73' lang='lat' dir='ltr'>repom</span> <span class='ocrx_word' id='word_1_365' title='bbox 409 4199 561 4251; x_wconf 70' lang='lat' dir='ltr'>Dama.</span> <span class='ocrx_word' id='word_1_366' title='bbox 598 4197 679 4249; x_wconf 73' lang='lat' dir='ltr'>Hom</span> <span class='ocrx_word' id='word_1_367' title='bbox 702 4199 736 4249; x_wconf 84' lang='lat' dir='ltr'>ab</span> <span class='ocrx_word' id='word_1_368' title='bbox 760 4199 807 4254; x_wconf 81' lang='lat' dir='ltr'>hoc</span> <span class='ocrx_word' id='word_1_369' title='bbox 831 4209 938 4254; x_wconf 67' lang='lat' dir='ltr'>amore</span> <span class='ocrx_word' id='word_1_370' title='bbox 961 4207 1129 4256; x_wconf 74' lang='lat' dir='ltr'>nominatum</span> <span class='ocrx_word' id='word_1_371' title='bbox 1152 4222 1205 4259; x_wconf 78' lang='lat' dir='ltr'>essa</span> <span class='ocrx_word' id='word_1_372' title='bbox 1223 4207 1315 4260; x_wconf 70' lang='lat' dir='ltr'>David</span> <span class='ocrx_word' id='word_1_373' title='bbox 1340 4210 1427 4262; x_wconf 64' lang='lat' dir='ltr'>ubero</span> 
     </span>
    </p>

    <p class='ocr_par' dir='ltr' id='par_1_12' title="bbox 304 4267 1427 4392">
     <span class='ocr_line' id='line_1_44' title="bbox 304 4267 1427 4392; baseline 0.014 -75"><span class='ocrx_word' id='word_1_374' title='bbox 304 4269 409 4392; x_wconf 52' lang='lat' dir='ltr'>norges</span> <span class='ocrx_word' id='word_1_375' title='bbox 432 4269 544 4391; x_wconf 60' lang='lat' dir='ltr'>oqtpnds&#39;t</span> <span class='ocrx_word' id='word_1_376' title='bbox 569 4267 597 4320; x_wconf 90' lang='lat' dir='ltr'>J.</span> <span class='ocrx_word' id='word_1_377' title='bbox 617 4267 771 4336; x_wconf 61' lang='lat' dir='ltr'>§temesis-up</span> <span class='ocrx_word' id='word_1_378' title='bbox 795 4272 825 4322; x_wconf 77' lang='lat' dir='ltr'>s&#39;n</span> <span class='ocrx_word' id='word_1_379' title='bbox 850 4272 930 4327; x_wconf 74' lang='lat' dir='ltr'>‘Hist</span> <span class='ocrx_word' id='word_1_380' title='bbox 960 4274 1125 4340; x_wconf 72' lang='lat' dir='ltr'>Tidmkrift&#39;</span> <span class='ocrx_word' id='word_1_381' title='bbox 1150 4277 1212 4332; x_wconf 86' lang='lat' dir='ltr'>VH.</span> <span class='ocrx_word' id='word_1_382' title='bbox 1225 4281 1315 4346; x_wconf 76' lang='lat' dir='ltr'>serica,</span> <span class='ocrx_word' id='word_1_383' title='bbox 1335 4285 1355 4334; x_wconf 77' lang='lat' dir='ltr'>t.</span> <span class='ocrx_word' id='word_1_384' title='bbox 1376 4281 1427 4344; x_wconf 86' lang='lat' dir='ltr'>IV,</span> 
     </span>
    </p>
   </div>
   <div class='ocr_carea' id='block_1_5' title="bbox 0 0 1604 4837">
    <p class='ocr_par' dir='ltr' id='par_1_13' title="bbox 0 0 1604 4837">
     <span class='ocr_line' id='line_1_45' title="bbox 0 0 1604 4837; baseline 0 0"><span class='ocrx_word' id='word_1_385' title='bbox 0 0 1604 4837; x_wconf 95' lang='lat' dir='ltr'> </span> 
     </span>
    </p>
   </div>
  </div>
 </body>
</html>
