3222 4850
311 313 364 366 266
446 307 613 364 CRONICA
625 307 653 364 S.
662 307 778 363 PETRI
789 307 1052 364 ERFORDENSIS
1065 307 1156 366 11101).
1175 308 1212 366 Α.
1223 311 1300 365 1274.

225 501 301 554 1274.
312 492 412 576 geliis
442 513 503 577 pro
533 513 568 557 44
598 495 634 556 41
663 513 724 576 444
754 493 803 557 414
833 491 913 575 qui*
940 491 1108 556 miserunt
1136 491 1237 576 ipsos,
1268 492 1431 558 videlicet

313 602 374 666 pro
404 581 654 665 quinquaginta
684 580 973 665 metropolitanis
1002 581 1268 665 archiepiscopis
1297 584 1334 646 et
1368 603 1473 666 proa.
1480 603 1538 643 444.

312 671 509 754 quingentis
544 669 711 754 episcopis
746 672 782 734 et
819 690 937 734 eorum
972 669 1100 734 sinodis
1130 672 1166 734 41
1195 669 1357 748 subditis,
1390 692 1430 735 ac

211 783 266 830 (na
273 783 303 834 4).
312 753 511 844 logothetab
539 780 600 842 pro
627 758 833 842 imperatore
857 756 1044 823 Grecorum
1068 758 1206 842 publice
1227 721 1431 823 1444441441

311 847 409 912 iuxta
437 850 583 912 formam
614 868 679 930 que
710 847 858 912 habetur
886 846 938 911 Dc
959 845 1187 910 144414444ιά4ο
1216 851 1327 912 extra:
1359 847 1462 930 Epos

312 935 502 1016 episcopusl.
550 935 767 1001 Confitentur
797 956 921 1020 papam
951 955 1023 1000 esse
1055 939 1160 1019 caput
1189 938 1224 1000 41
1258 957 1431 1000 summum

213 1051 241 1098 tf.
251 1050 303 1092 444,
312 1026 494 1108 primatem
518 1024 686 1089 *omnium
715 1024 924 1108 prelatorum
955 1028 991 1089 et
1020 1025 1173 1088 omnium
1196 1025 1428 1103 ecclesiarum,

312 1117 348 1178 et
372 1113 404 1179 ei
425 1114 657 1178 reverenciam
680 1116 715 1178 et
736 1113 972 1190 obedienciam
995 1113 1240 1196 promiserunt;
1265 1114 1431 1180 articulos

312 1223 407 1268 sacre
436 1203 517 1268 fidei
545 1223 622 1266 cum
653 1201 797 1266 ecclesia
820 1202 945 1266 Latina
975 1201 1103 1266 eisdem
1125 1203 1238 1266 verbis
1268 1204 1430 1267 confiten-

312 1296 379 1368 tur,
404 1291 576 1375 recipinnt
598 1295 634 1355 et
657 1290 812 1356 credunt.
859 1290 914 1354 Sic
939 1290 1041 1355 Greci
1071 1290 1247 1355 orientalis
1275 1292 1429 1367 ecclesie,
1442 1315 1467 1354 ιο

312 1381 372 1463 qni
393 1381 430 1443 in
454 1380 612 1444 scismate
636 1375 841 1443 scismaticid
867 1379 1012 1444 fuerunt
1041 1380 1084 1443 ab
1108 1400 1199 1443 anno
1222 1381 1431 1444 incarnacio-

312 1469 365 1532 nis
395 1469 535 1532 Domini
563 1467 777 1544 MXXVIII,
809 1469 874 1532 hoc
905 1471 958 1532 441
992 1487 1052 1551 444
1086 1489 1194 1534 44444
1225 1467 1428 1546 CCXLVII,

313 1577 419 1640 usque
454 1558 565 1633 modo,
597 1557 641 1621 ad
670 1557 841 1621 unitatem
876 1556 1018 1622 ecclesie
1052 1557 1230 1622 redierunt
1264 1558 1327 1622 sub
1362 1558 1430 1621 isto

313 1667 403 1729 papa
426 1644 591 1730 Gregorio
621 1646 763 1723 decimo,
788 1645 847 1727 qui
877 1646 940 1709 sub
968 1643 1133 1730 Gregorio
1166 1650 1274 1730 4444θ
1303 1646 1363 1708 VI.
1394 1649 1431 1710 et

312 1734 376 1798 sub
399 1735 604 1817 imperatore
628 1733 787 1798 Cunrado
812 1733 924 1798 Salico
955 1734 998 1798 ab
1028 1735 1163 1798 unitate
1187 1734 1329 1799 ecclesie
1353 1755 1468 1798 con-rs

312 1823 498 1887 tumaciter
518 1823 762 1887 recesseruncs
809 1823 933 1906 Itaque
962 1822 1139 1887 redierunt
1162 1822 1370 1887 subicientes
1393 1844 1429 1888 44

312 1911 490 1975 humiliter
513 1915 630 1976 sancte
652 1911 805 1975 Romane
829 1911 980 1988 ecclesie,
1006 1931 1045 1976 eo
1068 1914 1186 1976 tamen
1209 1912 1312 1989 salvo,
1337 1913 1430 1995 quod

311 2001 558 2084 permittantur
579 2019 712 2064 4444444
743 2003 779 2064 41
801 2004 919 2064 144444
942 2001 1207 2064 consuetudines
1231 1999 1428 2074 Grecorum,

312 2109 377 2170 que
406 2109 478 2152 non
507 2091 588 2152 sunt
618 2092 739 2153 contra
768 2089 885 2152 divina
914 2090 1079 2152 mandata
1108 2091 1145 2153 et
1167 2093 1287 2153 contra
1309 2092 1431 2153 sancta

312 2177 509 2261 euangelia.
601 2177 665 2241 His
691 2171 762 2240 itar
788 2178 936 2260 peractis
959 2198 1050 2261 papa
1072 2197 1149 2241 cum
1172 2180 1248 2242 toto
1271 2178 1428 2254 concilio,
1440 2204 1468 2243 ao

311 2267 446 2349 ingenti
476 2265 691 2331 exultacione
721 2269 757 2331 41
787 2267 1027 2331 lacrimacione
1057 2266 1197 2350 perfusi,
1223 2266 1316 2330 clara
1345 2287 1428 2332 voce

311 2355 348 2416 in
376 2354 546 2419 excelsum
575 2357 775 2420 resonantes
803 2358 1029 2419 cantaverunt
1059 2355 1102 2417 ad
1130 2354 1268 2419 laudem
1292 2355 1358 2420 Dei
1386 2356 1429 2418 Tc

311 2442 416 2506 Deam
431 2443 599 2507 1444144444
620 2464 728 2527 usque
751 2445 788 2507 in
804 2445 906 2508 finem
930 2447 966 2508 et
981 2443 1139 2508 similiter
1160 2441 1290 2506 Credo
1277 2464 1314 2506 ra
1328 2464 1429 2508 auum

311 2530 416 2596 Deum
438 2552 500 2615 per
521 2536 645 2596 totum.
692 2532 865 2597 Continuo
888 2531 991 2597 Greci
1020 2553 1081 2616 per
1108 2551 1143 2596 se
1168 2529 1279 2596 Greca
1301 2532 1429 2614 lingua

311 2619 347 2684 id
370 2620 483 2703 ipsum
509 2619 608 2685 Credo
630 2619 667 2685 c'rc
689 2641 788 2684 unum
811 2620 924 2701 Deam,
948 2621 1007 2685 sed
1029 2619 1130 2683 illum
1153 2621 1338 2685 articulum
1366 2620 1466 2701 94144

311 2727 349 2772 ccc
373 2714 467 2788 patre
496 2707 623 2790 filioque
646 2708 791 2789 procedit
811 2710 922 2774 tribus
945 2709 1077 2774 vicibus
1100 2710 1289 2774 successive
1314 2715 1428 2774 canta-

311 2801 448 2874 verunt,
484 2798 663 2861 informati
696 2798 740 2862 ab
774 2799 925 2881 ipsorum
959 2799 1148 2881 interprete
1156 2797 1177 2858 ³.
1224 2797 1270 2861 Et
1303 2799 1428 2863 merito

310 2886 531 2970 gaudendum
555 2886 713 2950 omnibus
729 2885 859 2950 Christi
882 2886 1041 2951 fidelibus
1063 2887 1134 2949 fuit
1158 2890 1193 2950 et
1216 2907 1276 2971 pre
1299 2888 1428 2970 gaudio

310 2973 472 3049 flendum,
497 2974 589 3057 quod
612 2975 704 3038 filius
720 2975 883 3058 prodigus
907 2976 949 3040 de
971 2975 1111 3060 regione
1136 2975 1428 3040 dissimilitudinis

163 3088 218 3128 44.
227 3087 259 3134 a,
268 3087 300 3128 rr.
310 3064 354 3127 ad
378 3067 511 3146 patrem
542 3067 577 3127 et
607 3064 651 3127 ad
674 3063 798 3128 stolam
822 3065 966 3146 primam
988 3084 1143 3130 reversus
1166 3067 1229 3129 est.
1274 3065 1466 3147 ideoqneso

310 3172 399 3236 papa
423 3172 500 3216 cum
516 3153 610 3216 omni
625 3152 771 3217 concilio
787 3155 948 3216 hortatur
971 3157 1006 3217 41
1021 3155 1139 3217 monet
1162 3173 1280 3218 ornnes
1297 3152 1428 3218 Christi

310 3240 428 3306 fideles
444 3241 593 3305 multum
608 3243 758 3324 gaudere
783 3242 825 3307 de
841 3242 915 3318 hoc,
940 3242 1031 3324 quod
1054 3245 1126 3305 tam
1150 3241 1302 3306 solemne
1325 3261 1428 3306 mem·

309 3331 409 3395 brum
433 3330 635 3396 universalis
658 3330 810 3410 ecclesie,
834 3330 1043 3395 videlicetL
1067 3330 1340 3415 archiepiscopos
1363 3352 1427 3396 444

308 3441 378 3484 444
402 3423 437 3484 41
461 3419 492 3482 D
517 3420 693 3503 episcopos
724 3440 801 3483 cum
829 3419 900 3483 suis
929 3419 1059 3484 sinodis
1082 3423 1118 3483 et
1141 3418 1299 3498 subditis,
1324 3420 1427 3484 simul

309 3512 346 3572 41
379 3509 620 3592 imperatorem
651 3507 838 3573 Grecorum
875 3529 952 3572 cum
986 3528 1048 3572 suo
1084 3528 1200 3592 regno,
1236 3508 1465 3573 misericorsss

310 3595 404 3661 Deus
423 3617 484 3681 per
502 3598 614 3681 ipsum
633 3617 757 3680 papam
780 3597 942 3662 reducere
967 3596 1129 3680 dignatus
1148 3600 1201 3661 est
1224 3619 1245 3660 a
1267 3598 1427 3662 scismate

309 3689 344 3749 41
368 3705 490 3750 444444.
582 3685 757 3750 Defuncto
784 3685 1210 3770 4411411141144414444411
1233 3707 1322 3770 papa
1346 3685 1426 3751 Gre-

309 3845 330 3888 ι)
353 3841 384 3879 tte
398 3851 439 3882 scr.
453 3842 472 3881 1.
544 3837 567 3887 b)
588 3840 740 3890 logotbeca13
762 3841 877 3889 1444114444
890 3841 936 3884 111.
1002 3843 1023 3890 4)
1043 3841 1119 3890 41411)
1140 3841 1222 3884 14441.
1302 3840 1325 3892 d)
1345 3841 1428 3885 44414.

309 3893 330 3944 4)
344 3895 417 3933 cadom
431 3905 497 3932 mone
509 3903 615 3943 superscr.
630 3895 648 3937 1.
699 3893 718 3944 1)
730 3894 808 3942 ltaque
821 3894 847 3936 B.

309 4001 336 4070 1)
363 4001 493 4054 Decrctcl.
522 4001 649 4064 Gregorii
665 3999 717 4054 IX.
744 3999 760 4053 l.
780 3999 824 4066 II,
849 4002 888 4054 tit.
907 4002 955 4066 24,
980 4017 1001 4060 c,
1019 4003 1045 4055 4.
1135 4000 1163 4069 2)
1189 4000 1262 4052 Haec
1285 4017 1319 4053 ca·
1344 4000 1463 4056 0444444

308 4072 413 4124 Minore
438 4088 463 4124 a.
485 4071 567 4136 1028,
590 4069 638 4123 SS.
657 4070 766 4134 XXIV,
786 4087 816 4138 p.
837 4073 901 4138 189,
927 4078 1019 4124 amor
1036 4073 1157 4139 sumpsit.
1229 4072 1256 4138 3)
1273 4071 1307 4122 In
1325 4078 1425 4138 444114

308 4145 418 4196 maone
436 4141 502 4206 (Iul.
522 4143 568 4201 6)‚·
593 4141 687 4192 Brevis
704 4141 882 4206 4414114114
906 4157 926 4195 c.
946 4144 1007 4206 958,
1033 4143 1126 4194 Manet
1145 4158 1175 4208 4.
1195 4144 1237 4208 65,
1264 4157 1318 4208 qua
1337 4143 1425 4194 saum

307 4215 395 4266 relata
413 4218 483 4266 4441.
562 4211 590 4276 4)
606 4211 668 4264 Non
687 4211 816 4278 defuncta
839 4214 885 4265 scd
903 4212 981 4264 Petro
998 4213 1030 4264 dc
1051 4214 1211 4265 Torcularia
1229 4213 1426 4279 archiepiscopo

308 4286 337 4336 ia
355 4286 531 4350 episcopatum
551 4282 691 4334 0411444444
709 4283 847 4337 translato.
