3200 4844
319 383 499 440 ANNALES
518 385 547 441 S.
561 384 678 440 PETRI
696 384 1070 440 ERPHESFURTENSES
1088 384 1260 454 ANTIQUI.
1333 389 1350 441 5

225 567 377 649 antimsos
399 574 428 632 et
449 567 486 631 in
511 565 650 632 Oronieo
674 567 708 632 S.
725 566 817 630 Petri
839 573 867 632 et
889 566 925 630 in
949 566 1134 632 Annalibus
1157 565 1300 631 breuibus
1322 573 1351 631 et

226 655 404 720 maioribus
437 655 530 734 infra
559 653 652 720 editis
685 655 856 737 suscriptos
890 676 969 736 esse,
1004 662 1034 720 et
1065 655 1163 719 statui
1196 677 1247 719 eos
1281 677 1350 720 oum

229 744 413 810 Annalibus
429 743 636 826 Tisnrinpiais
651 766 681 808 a.
700 739 988 827 1110(.2)—1149.
1005 743 1042 808 in
1060 742 1196 808 Granico
1213 743 1350 808 31000·

229 839 258 898 et
280 832 465 897 Annalibus
485 831 732 914 Pepaaiensibus
754 831 928 913 exscriptis,
952 852 1085 913 000000
1102 853 1185 913 pars
1208 838 1252 896 est
1272 832 1350 898 Oan-

198 921 366 986 stinnatio
389 919 580 986 Elelselsardi
603 943 634 984 a.
659 925 892 984 1125-1137.
921 919 1015 1000 infra
1036 942 1071 1002 p.
1096 925 1136 984 34
1158 939 1223 1001 sqq.
1254 919 1348 1001 edita,

229 1011 320 1074 nulla
342 1007 570 1074 necessitudine
593 1007 775 1074 coniunctos
797 1029 872 1073 esse.
915 1007 994 1073 Gnm
1016 1009 1213 1073 emendatius
1235 1009 1301 1072 iam
1316 1009 1350 1072 nt

228 1099 375 1162 Annales
397 1097 512 1162 iterum
535 1099 679 1178 edantur,
703 1096 739 1160 in
762 1096 875 1178 quiores
897 1103 932 1160 ut
954 1095 1097 1161 diuersas
1125 1118 1241 1161 manns
1270 1104 1350 1162 reete

227 1187 447 1266 discernerern,
471 1207 621 1266 mapnam
644 1206 769 1267 operam
795 1183 875 1266 dedi,
899 1205 1008 1250 moneo
1031 1184 1066 1249 in
1085 1184 1188 1250 codiee
1204 1207 1223 1272 e
1237 1185 1350 1266 aliquae

221 1296 288 1356 pro
310 1296 360 1348 ae,
384 1276 469 1356 aliod
484 1274 670 1354 plemmqne
692 1273 807 1354 scripsi
816 1273 836 1354 ¹,
855 1273 995 1354 positum
1017 1294 1092 1338 esse.

184 1389 218 1426 το
337 1363 497 1445 Eneerpta
516 1363 628 1426 aarum
643 1361 824 1427 Annalium
839 1368 965 1426 exstant
978 1361 1013 1426 in
1029 1361 1132 1426 codiee
1148 1360 1348 1442 Loitraoensi,

227 1473 362 1534 quornm
385 1451 602 1533 opopraplsnm
630 1471 668 1515 en
695 1449 818 1515 schedis
841 1450 889 1513 Ιο.
914 1450 974 1513 Fr.
1000 1450 1166 1514 Salionnat
1195 1455 1350 1530 sumptum

228 1543 276 1606 od
301 1540 408 1606 aff.
430 1539 579 1604 Pertna.
604 1544 697 1602 1344.
725 1559 764 1603 en
793 1537 922 1604 oreliiao
952 1536 1191 1602 Darmstatensi
1219 1537 1350 1602 missum

227 1635 283 1709 est,
308 1635 337 1694 et
358 1628 444 1693 edito
465 1634 540 1692 utut
561 1649 583 1690 0
606 1628 641 1692 S.
662 1627 705 1691 A.
727 1625 937 1707 Wiirdiwein,
963 1627 1057 1690 Noua
1079 1625 1224 1690 subsidio
1253 1625 1349 1706 diplo-

226 1717 348 1782 matica
371 1716 423 1797 II,
444 1739 478 1798 p.
495 1721 570 1780 238.
594 1716 754 1796 Enaerpto
777 1713 962 1779 breuissima
976 1717 1144 1780 eorundem
1159 1714 1348 1794 Annalium,

187 1829 216 1868 15
227 1828 268 1871 ea
291 1812 413 1870 tontum
436 1803 629 1871 continentia
651 1824 731 1884 quoe
754 1805 798 1867 ad
818 1803 1045 1867 monasterium
1060 1803 1186 1867 Montis
1210 1803 1243 1867 S.
1261 1803 1350 1867 Petri

227 1900 377 1977 medani,
407 1894 553 1974 lepontur
574 1891 611 1957 in
638 1891 741 1957 codiee
768 1891 858 1956 Galli
882 1891 1013 1956 Stossen
1034 1891 1182 1956 monaelii
1206 1891 1239 1956 S.
1260 1891 1350 1956 Petri

228 2004 312 2048 suec.
338 1981 485 2062 XVIII,
515 1981 570 2062 qni
592 2002 743 2062 mapnom
772 1979 979 2045 collectionem
1008 1979 1226 2045 chronieorum
1255 1979 1350 2044 inires
1451 2018 1457 2026 ·

228 2069 416 2135 monasterii
439 2070 582 2150 eontinet,
606 2091 641 2150 p.
665 2074 740 2132 633.
764 2067 858 2132 initio
882 2067 1035 2133 Olsroniei
1057 2067 1196 2132 Ioannis
1218 2068 1351 2133 Kucher

227 2158 378 2224 rnonaelii
402 2158 553 2238 01000,
576 2157 631 2238 qui
654 2156 740 2223 eirea
762 2179 793 2220 a.
818 2156 861 2221 D.
890 2161 984 2220 1630.
1008 2155 1096 2238 uiuit,
1121 2155 1233 2238 pinibus
1256 2177 1349 2238 prae·

182 2247 382 2330 suscriptum
403 2252 467 2311 est:
490 2247 541 2311 Ex
565 2247 783 2311 Bibliotheca
805 2249 934 2310 nostra.

337 2334 534 2418 Appendieis
563 2335 627 2400 loeo
650 2333 802 2399 siibinnni
830 2333 882 2398 liis
904 2333 1088 2398 Annalibus
1117 2332 1214 2398 series
1241 2353 1350 2414 repam

227 2431 260 2489 et
283 2424 587 2506 archiepiscoporum
610 2421 875 2503 Mapontinornm
898 2443 927 2486 a.
952 2427 1046 2485 1152.
1070 2422 1118 2486 ael
1142 2423 1259 2485 1163.2
1281 2421 1307 2500 f.
1332 2427 1348 2484 1

226 2512 348 2578 eodiois
382 2509 797 2590 Pommersseldensis
834 2531 933 2591 upra
967 2509 1044 2575 dieii
1081 2509 1231 2591 scriptos,
1270 2529 1350 2589 quas

228 2621 328 2682 nsque
354 2603 399 2665 ad
431 2621 462 2664 a.
493 2605 588 2663 1060.
618 2621 656 2664 00
685 2598 870 2664 Annalibus
899 2597 1064 2680 Lamperti
1093 2603 1252 2679 00000100
1285 2617 1351 2662 esse

181 2689 311 2754 usmitsi
338 2709 528 2772 perennium
563 2687 669 2752 habeo.
722 2688 768 2752 In
801 2686 986 2751 Annalibus
1020 2687 1055 2751 S.
1084 2685 1175 2750 Petri
1208 2684 1351 2767 antiquis

229 2777 412 2843 norninilms
441 2774 746 2858 archiepiscoporum
775 2773 1041 2858 Mopnntinornm
1067 2773 1195 2840 numeri
1227 2773 1351 2839 ordinis

228 2865 268 2930 in
290 2865 436 2946 morpine
458 2864 561 2930 additi
583 2871 666 2946 mut,
690 2883 767 2945 quos
789 2885 827 2928 eu
850 2862 910 2928 irae
932 2863 1013 2928 serie
1036 2862 1349 2946 archiepiscoporum,

232 2955 268 3018 in
291 2975 354 3036 000
369 2953 548 3020 Helorinus
563 2953 594 3016 I.
617 2958 802 3018 numeratus
824 2951 867 3016 sit
891 2951 965 3016 XX
972 2951 1075 3031 VIII,
1100 2957 1290 3034 computatos
1313 2957 1350 3030 el,

230 3042 336 3121 nano
359 3064 403 3107 an
428 3043 536 3108 eadem
565 3062 664 3105 manu
693 3061 774 3121 auae
802 3061 872 3105 eam
900 3038 1072 3122 scripserit,
1102 3041 1258 3122 suppletas
1287 3060 1351 3104 esse

184 3151 349 3197 soseriseo.
403 3131 506 3196 Paulo
530 3135 605 3212 post
633 3130 693 3194 tias
721 3127 818 3194 series
847 3127 884 3193 in
913 3127 1007 3194 teriia
1036 3129 1181 3194 columna
1215 3127 1351 3193 eiusdem

223 3219 370 3302 000ίο00
402 3219 537 3301 episcopi
566 3217 753 3300 Mopantini
769 3293 771 3296 ¹
786 3216 842 3298 qui
876 3223 949 3282 ante
982 3216 1189 3296 Bonifatium
1222 3215 1353 3295 situnni

229 3305 343 3390 scripti
365 3307 467 3389 sunt³,
497 3307 553 3388 qni
575 3313 604 3372 et
632 3305 669 3370 in
691 3304 847 3371 Amatoria
870 3305 1060 3370 Elslreliardi
1090 3303 1206 3370 eadieis
1228 3303 1353 3368 Montis

230 3397 268 3461 S.
290 3395 390 3476 Petri,
417 3395 511 3474 infra
527 3417 563 3477 p.
585 3401 637 3476 27,
668 3393 815 3460 recensiti
845 3399 930 3458 sunt.
986 3392 1092 3457 Series
1120 3413 1229 3473 repam
1258 3391 1353 3455 lunius

229 3483 358 3563 codicis,
382 3485 465 3564 quod
477 3484 586 3563 seiam,
610 3485 750 3548 nondum
765 3481 851 3548 edito
866 3487 919 3562 est,
936 3479 1033 3546 series
1047 3479 1353 3562 archiepiscoporum

188 3727 222 3768 as
236 3713 262 3776 1)
283 3710 393 3762 Batinus·
409 3716 498 3762 00100
516 3725 531 3776 e
550 3712 579 3760 in
597 3709 735 3761 nonnullis
759 3708 872 3770 vocibuis,
898 3709 928 3758 in
952 3706 1049 3773 quitus
1072 3723 1110 3757 an
1134 3707 1221 3758 sorita
1247 3722 1279 3758 ae
1304 3707 1354 3758 nae

233 3782 325 3833 iidsra
337 3782 505 3848 eupruenu,
519 3780 647 3834 dubitaui.
701 3781 729 3846 2)
739 3779 812 3830 Nam
824 3779 919 3830 seriem
930 3793 1023 3844 repom
1035 3779 1127 3843 primo
1139 3791 1235 3828 monus
1244 3779 1354 3842 scripsit

234 3867 318 3918 unque
335 3852 372 3902 ad
390 3851 560 3903 Friderieirm
576 3851 600 3916 Ι,
620 3852 713 3902 sermm
732 3849 991 3916 archiepiscoporum
1008 3864 1090 3914 usqne
1107 3848 1144 3899 od
1159 3847 1352 3901 HeinrinrmI.

234 3923 354 3976 01163.
375 3921 436 3976 Iun.
455 3924 480 3976 7.
505 3921 661 3989 depositum
688 3921 732 3971 oui
749 3920 837 3970 eodem
855 3935 953 3971 manns
970 3918 1123 3971 Aruotdum
1141 3921 1271 3984 (a.1153.
1290 3918 1353 3972 Iun.

237 4023 268 4032 —
291 3995 373 4057 1160)
394 3997 486 4060 postea
510 3993 615 4044 dunum
642 3990 755 4044 addidit.
854 3989 882 4058 3)
908 3989 940 4043 L.
963 3989 1127 4054 Bethmann,
1155 3987 1277 4040 ‘Arenio'
1302 3988 1355 4055 IX,

189 4081 224 4119 40
231 4081 261 4132 p.
275 4065 337 4118 531.
355 4063 427 4115 dixit
444 4063 533 4116 eodan
551 4078 635 4114 nionu
652 4061 715 4113 tsase
732 4062 843 4114 nomina
861 4063 962 4127 suipio
979 4076 1041 4123 usse,
1065 4075 1133 4126 quaa
1149 4059 1301 4112 Arnoldum
1324 4060 1354 4110 in

234 4136 303 4188 serie
320 4133 578 4202 amhs'epoissoporum
596 4132 738 4186 addiderit.
771 4131 846 4197 Quod
863 4148 922 4183 eum
939 4132 1028 4184 mdem
1046 4146 1129 4182 manu
1142 4137 1234 4197 posteo
1252 4130 1354 4193 fastum

232 4221 289 4258 esse
305 4220 430 4269 0000000,
448 4221 503 4271 quo
520 4206 601 4256 sniis
619 4203 876 4272 anitepuapaum
894 4204 996 4269 soripta
1011 4207 1056 4265 est,
1075 4201 1163 4252 eotian
1179 4216 1262 4252 mann
1275 4201 1355 4252 etiam

232 4277 300 4329 hose
316 4278 426 4328 nomina
443 4276 572 4327 adiuncto
590 4289 643 4327 esse
660 4276 763 4342 opinor.
800 4273 931 4340 Equidem
949 4273 1020 4324 mitis·
1036 4287 1088 4323 non
1106 4271 1233 4323 adnotavi
1249 4275 1281 4324 ab
1300 4270 1355 4321 ats'o

232 4349 295 4400 niro
313 4347 377 4400 nau
392 4349 493 4414 scripto
512 4363 571 4399 esse.
