3200 4844
276 370 309 422 12
363 364 544 419 ANNALES
563 365 591 420 S.
605 363 720 418 PETRI
740 362 1113 418 ERPHESFURTENSES
1132 361 1304 432 ANTIQUI.

106 547 406 611 summitatempore.
443 541 527 594 Hunc
546 541 636 594 adorti
655 541 683 593 in
703 557 877 594 communem
901 540 1065 594 seutentiam
1085 540 1235 594 concedere
1258 541 1396 610 urgebant

276 631 326 667 nec
344 613 420 681 prius
437 612 596 681 regionibus
622 612 675 664 illis
693 611 826 664 excedere
851 612 923 679 passi
949 617 1021 678 sunt,
1046 611 1133 665 donec
1159 611 1230 664 datis
1254 611 1396 664 obsidibus

274 685 359 738 fidem
377 702 453 736 suam
472 683 604 747 firmaret,
629 682 714 736 nichil
732 699 760 735 se
780 681 923 735 adversum
942 699 988 735 eos
1008 683 1089 735 armis
1112 686 1159 735 aut
1177 682 1291 735 consilio
1316 682 1395 735 moli·

277 760 376 809 turum
414 754 505 823 Igitur
525 753 652 821 quoniam
679 753 708 806 in
728 757 835 806 exteras
860 758 956 823 gentes
980 770 1074 822 regem
1100 753 1226 821 persequi
1251 752 1394 806 eonsilium

276 843 332 879 non
350 829 418 892 erat,
438 842 546 878 omnem
566 841 679 892 operam
698 841 774 876 suam
794 823 829 876 ad
848 824 1031 894 expugnanda
1049 824 1161 878 castella
1175 824 1231 876 eius
1244 827 1418 878 verterunts

118 909 147 951 ιι,
154 920 178 958 p.
188 908 223 947 ror
233 919 265 956 sq.
276 897 449 966 conglobata
467 896 593 963 itaque
612 913 646 949 ex
663 895 760 948 vicinis
776 893 843 948 loeis
860 894 1037 948 multitudine
1055 894 1191 963 Thuringi
1207 893 1397 948 Heimcnburc

276 968 417 1022 castellum
448 966 615 1020 obsederunt
650 965 797 1034 paucisque
832 965 928 1018 diebus
964 965 992 1017 ri
1029 970 1058 1018 et
1088 965 1170 1018 armis
1206 970 1395 1034 oppugnatum

276 1042 408 1107 ceperunt
430 1041 512 1106 atque
538 1036 745 1090 succenderunt.
787 1035 918 1088 Protinus
943 1036 989 1088 alii
1015 1037 1127 1089 castello
1153 1035 1228 1104 quod
1251 1035 1397 1105 Asenberg

277 1110 420 1163 dicebatur
445 1109 596 1161 exercitum
622 1107 811 1160 admoverunt.
847 1105 959 1160 Interea
983 1123 1033 1160 rex
1058 1107 1153 1160 videns
1178 1107 1396 1160 coniurationem

276 1180 364 1249 magis
386 1179 527 1248 magisque
550 1178 578 1231 in
602 1177 659 1231 dies
678 1179 866 1232 convalescere
885 1177 1031 1246 copiasque
1056 1177 1175 1230 hostium
1202 1178 1304 1246 augeri,
1331 1194 1432 1232 con-ro

277 1251 388 1304 territus
412 1249 496 1304 etiam
515 1249 634 1318 dampno
661 1249 834 1302 castellorum
860 1265 980 1314 suorum,
1005 1265 1121 1317 quorum
1148 1248 1201 1302 alia
1226 1249 1281 1300 iam
1307 1253 1395 1316 capta,

277 1322 331 1374 alia
356 1338 461 1373 summo
486 1319 629 1373 molimine
654 1319 809 1388 oppugnari
834 1319 971 1386 audiebat,
997 1320 1107 1388 rogavit
1129 1318 1346 1388 Mogontinum²
1369 1325 1396 1371 et

276 1389 486 1446 colonienssmb
517 1391 672 1459 episcopos,
707 1395 736 1442 ut
768 1389 890 1443 Saxones
917 1395 953 1443 et
980 1390 1188 1458 Thuringos
1218 1390 1396 1442 convenirent

277 1466 445 1532 agerentque
464 1479 526 1515 cum
546 1462 592 1527 eis,
615 1465 644 1513 ut
664 1461 698 1514 ab
718 1461 924 1530 oppugnatione
942 1462 1117 1514 castellorum
1144 1459 1214 1513 datis
1239 1461 1335 1514 saltem
1361 1460 1395 1513 sd

276 1534 415 1586 modicum
434 1537 543 1601 tempus
568 1532 684 1584 induciis
706 1531 873 1587 recederent.
911 1530 958 1584 Illi
983 1548 1147 1600 quamquam
1174 1531 1298 1584 laborem
1323 1531 1432 1588 honoro

278 1605 306 1657 in
325 1605 433 1657 irritum
452 1619 590 1657 cessurum
608 1601 676 1655 haut
688 1602 771 1656 dubie
784 1603 918 1668 scirentss,
931 1607 1038 1669 tamen,
1058 1601 1122 1670 quia
1134 1603 1265 1655 molestus
1278 1601 1316 1655 eis
1329 1607 1396 1668 erat,

278 1677 397 1728 fauturos
426 1692 454 1727 se
484 1674 557 1743 quod
586 1674 757 1742 rogabantur
785 1673 983 1740 promiserunt,
1016 1673 1163 1741 statimque
1187 1672 1274 1724 missis
1299 1672 1396 1743 legatis

278 1745 478 1799 mandaverunt
503 1744 672 1813 principibus
697 1743 848 1812 Saxoniae,
875 1749 905 1796 ut
930 1744 981 1797 sibi
1006 1744 1132 1812 proxima
1157 1743 1311 1796 ebdomada
1335 1747 1397 1812 post

278 1814 486 1885 epiphaniamd,
511 1816 607 1869 sicut
630 1819 665 1869 et
689 1819 796 1868 antea
820 1812 1103 1870 lecerantVIHI.
1123 1813 1188 1869 Kal.
1208 1813 1311 1882 Sept.¹,
1330 1813 1396 1866 Cor·

278 1888 356 1941 belae
375 1886 410 1939 ad
429 1887 596 1955 colloquium
616 1890 798 1940 occurrerent.
1406 1905 1433 1942 an

384 1957 447 2011 Hoc
471 1974 542 2010 anno
565 1962 628 2024 post
646 1962 772 2010 exodum
795 1957 900 2009 bellum
918 1954 1085 2010 Saxonicum
1104 1956 1181 2008 nulla
1202 1954 1332 2023 deinceps
1351 1973 1396 2008 ex·

279 2029 350 2082 actio
370 2028 443 2082 lanta
461 2032 503 2082 est
520 2027 688 2080 decimarum
707 2028 735 2080 in
754 2026 915 2096 Thuringia,
940 2026 1123 2096 gaudentibus
1141 2026 1297 2094 Thuringis,
1323 2025 1396 2093 quod

279 2099 448 2154 occasionem
467 2099 641 2166 invenissent,
661 2102 692 2150 ut
709 2098 823 2151 traditas
841 2098 894 2151 sibi
914 2115 930 2151 a
948 2098 1071 2166 patribus
1090 2098 1164 2166 leges
1182 2114 1265 2149 manu
1284 2095 1397 2149 militari

279 2174 429 2238 tuerentur,
448 2173 476 2223 et
494 2170 605 2223 dolente
623 2186 697 2238 rege,
716 2169 798 2237 quod,
821 2169 887 2222 dum
906 2167 1019 2222 decimis
1038 2167 1245 2221 immoderatius
1268 2167 1393 2233 inhiaret,

279 2243 349 2310 pene
366 2258 571 2366 rhlllllnlllelull.
584 2245 836 2364 vitigeqmggstggbm
872 2309 983 2363 Domini
1011 2309 1205 2362 wormacinse
1240 2257 1433 2362 celebrauit?⁵

279 2380 479 2451 Mogontinusf
495 2387 523 2436 et
542 2381 732 2435 Coloniensisss
754 2381 951 2449 archiepiscopi
970 2381 1015 2434 die
1033 2384 1134 2433 statuta
1154 2379 1299 2433 Oorbeiam
1321 2379 1397 2431 iuxta

280 2453 437 2507 condictum
463 2452 616 2518 venientes,
642 2452 713 2506 sicut
737 2453 765 2506 in
791 2452 926 2505 mandatis
952 2470 968 2504 a
992 2469 1057 2522 rege
1081 2450 1236 2517 habebant,
1261 2450 1397 2518 rogabant

280 2524 416 2590 Saxones,
444 2524 491 2593 qui
519 2523 622 2576 ibidem
649 2528 840 2590 occurrerant,
868 2527 899 2575 ut
927 2523 961 2575 ab
989 2521 1194 2592 oppugnatione
1222 2521 1396 2574 castellorum

280 2595 428 2648 exercitum
448 2594 622 2649 abducerent.
659 2594 700 2648 At
717 2595 757 2647 illi
780 2595 856 2647 nulla
874 2593 984 2647 racione
1009 2593 1062 2646 hoc
1087 2610 1116 2646 se
1141 2591 1261 2644 facturos
1286 2607 1434 2659 respon-³0

280 2665 388 2719 derunt.
424 2665 556 2718 Preteren
574 2664 752 2718 vehementer
769 2681 815 2717 eos
834 2665 1021 2732 obiurgsrunt,
1041 2664 1123 2732 quod,
1142 2663 1207 2715 dum
1221 2661 1396 2716 deliberando

280 2741 308 2789 et
326 2736 408 2790 modo
428 2736 570 2804 colloquia,
590 2736 672 2789 modo
691 2735 813 2789 inducias
833 2734 986 2804 expetendo
1004 2740 1112 2803 tempus
1130 2736 1259 2800 tererent,
1285 2737 1314 2786 et
1337 2733 1397 2800 regi

280 2806 420 2861 audaciam
439 2807 577 2860 auxissent
596 2811 624 2860 et
646 2806 699 2859 sibi
721 2807 854 2860 maximas
880 2805 1087 2860 commoditates
1111 2804 1291 2858 vindicandae
1316 2803 1397 2856 liber·

279 2877 342 2931 tatis
361 2877 559 2946 corrupissent,
579 2877 695 2944 proinde
712 2877 873 2931 recederent
890 2893 941 2930 nec
964 2875 1015 2930 sibi
1038 2876 1112 2929 ultra
1129 2877 1214 2928 ιιινόίι
1230 2877 1350 2944 pacificis
1368 2877 1397 2926 in

279 2950 338 3002 dolo
356 2948 517 3016 illuderent3
537 2965 564 3000 se
583 2948 612 3000 in
631 2965 694 3001 eum
713 2949 803 3001 locum
822 2963 978 3017 progressos
998 2965 1062 3016 esse,
1088 2947 1135 2999 ubi
1156 2947 1210 2999 iarn
1235 2962 1292 2999 non
1316 2945 1434 2997 muli-so

280 3017 391 3073 eribush
419 3017 575 3086 colloquiis,
600 3018 647 3072 sed
673 3019 835 3073 militaribus
861 3018 943 3072 armis
967 3035 1011 3072 res
1037 3015 1218 3086 experienda¹
1244 3017 1286 3070 sit.
1325 3015 1482 3077 *Vix-fier.

279 3090 391 3144 tandem
410 3089 503 3143 sedata
521 3089 697 3143 multitudine
715 3090 749 3142 ab
768 3089 810 3143 his
829 3089 875 3158 qni
893 3089 1070 3158 sapientiores
1089 3092 1176 3157 erant,
1194 3087 1318 3141 unanimi
1334 3103 1398 3140 oon·

280 3178 360 3215 sensu
383 3164 550 3229 statuerunt,
576 3164 605 3212 ut
631 3160 756 3228 proxima
781 3159 933 3214 ebdomada
958 3163 1021 3228 post
1045 3158 1263 3228 purificationem
1288 3162 1398 3210 sanotae

279 3232 386 3286 Mariae
404 3231 536 3285 Friteslar
554 3231 732 3285 convenirent
749 3231 842 3300 ibique
865 3231 1067 3285 communicato
1092 3247 1155 3283 cum
1179 3229 1294 3284 caeteris
1319 3227 1398 3297 regni

280 3303 449 3372 principibus
472 3303 584 3356 consilio
607 3302 772 3372 periclitanti
794 3303 835 3356 rei
860 3301 1009 3371 publicaek
1030 3306 1174 3367 rectorem,
1200 3300 1247 3368 qui
1272 3299 1435 3353 omnibusne

280 3373 455 3443 placuissetl,
475 3374 679 3428 constituerent.
716 3372 788 3443 Regi
809 3390 917 3443 quoque
943 3372 1150 3439 mandaverunt,
1176 3375 1214 3439 ut,
1240 3370 1262 3423 si
1288 3371 1327 3423 ita
1353 3387 1398 3423 ex·

279 3447 373 3514 pedire
401 3446 550 3512 iudicaret,
578 3445 622 3498 die
647 3449 748 3498 statuta
777 3449 869 3512 presto
900 3444 1006 3497 adesset
1031 3447 1059 3497 et
1091 3443 1131 3495 ius
1159 3459 1239 3494 suum
1266 3458 1322 3494 non
1348 3457 1400 3509 per

280 3517 407 3585 epistolas
432 3521 481 3570 aut
503 3534 554 3584 per
572 3516 766 3583 internuncios,
785 3516 832 3568 sed
850 3532 961 3583 presens
981 3515 1038 3582 ipse
1050 3514 1112 3567 vive
1124 3530 1190 3566 voce
1204 3513 1398 3580 expostularet.

280 3586 431 3656 Postquam
449 3589 478 3641 in
496 3587 566 3641 hano
584 3588 746 3642 seutentiam
766 3587 879 3656 digressi
898 3595 968 3653 aunt,
988 3584 1122 3653 Thuringi
1140 3584 1225 3638 tercia
1244 3582 1343 3636 dehinc
1355 3582 1399 3635 die

279 3675 326 3711 eos
345 3659 391 3726 qui
409 3658 438 3710 in
457 3657 602 3728 Aseuberg
621 3663 699 3712 erant
716 3657 807 3712 inedia
819 3662 991 3727 expugnatos
1009 3657 1037 3709 in
1050 3655 1216 3709 deditionem
1234 3657 1436 3722 acceperuntro

280 3727 482 3796 impunitosque
501 3729 670 3796 dimiserunt,
689 3729 829 3783 castellum
847 3727 1051 3795 succenderunt,
1070 3726 1217 3794 statimque
1229 3725 1275 3777 alii
1288 3725 1399 3778 castello

280 3799 351 3866 quod
366 3798 534 3867 Spateuberc
547 3798 695 3854 diciturm
709 3799 859 3854 exercitum
873 3799 1061 3852 admoverunt.
1093 3796 1242 3850 Castellum
1256 3795 1400 3850 Volseurot

280 3871 373 3938 paucis
392 3874 456 3924 ante
475 3870 571 3924 diebus
589 3877 699 3939 ceptum
718 3871 809 3924 fuerat
826 3870 954 3925 obsideri.
991 3868 1028 3922 Et
1046 3869 1110 3937 quia
1128 3868 1224 3937 regina
1241 3867 1270 3919 in
1289 3883 1322 3919 eo
1341 3869 1399 3919 toto

128 2317 269 2366 disputan.

280 4034 301 4079 a)
317 4031 407 4080 nrogoni
420 4043 438 4075 c.
492 4032 515 4080 b)
530 4033 593 4071 colon
607 4041 625 4070 e.
681 4029 701 4081 c)
715 4033 787 4071 solent
801 4041 857 4072 corr.
872 4030 954 4069 nolrent
968 4041 986 4069 c.
1042 4029 1065 4077 d)
1079 4028 1147 4077 aplph
1161 4038 1179 4069 e.
1233 4024 1369 4073 assonant
1383 4037 1400 4068 c.

281 4081 402 4134 Ollogoui
416 4096 433 4127 c.
474 4083 497 4135 g)
512 4085 577 4124 colori
591 4095 609 4122 c.
652 4083 676 4133 h)
689 4085 720 4122 alo
734 4087 797 4122 ettam
813 4083 928 4132 Lampon
941 4084 1008 4122 roda
1022 4083 1041 4122 B
1055 4083 1155 4120 bubuleos
1169 4081 1254 4119 aeduus·
1264 4091 1308 4129 pro
1323 4079 1437 4119 inulla-50

280 4137 367 4232 {suilgut
420 4138 559 4242 marcentem
574 4138 688 4185 Lampsa-n·
701 4139 746 4179 eod.
760 4137 815 4183 Be,-
829 4133 970 4185 cxpedlendu
985 4137 1071 4186 reliqui.
1127 4135 1151 4184 k)
1161 4146 1180 4174 r.
1190 4145 1213 4184 p.
1223 4144 1240 4175 c.
1295 4132 1310 4183 l)
1325 4133 1400 4182 placu-

227 4310 228 4313 ’
282 4333 309 4398 1)
329 4333 371 4395 cf.
392 4333 488 4398 semp.
505 4351 532 4400 ρ.
547 4334 606 4387 162.
