3200 4844
285 383 314 440 S.
326 381 444 438 PETRI
462 381 727 440 llRPHESFURT.
747 381 1011 439 OON'I'INUATIO
1031 381 1176 439 sKKsH.
1259 387 1292 442 41

169 569 229 652 qui
253 567 464 633 avunculum
488 587 612 644 meum,
649 567 766 653 patrui
804 567 858 631 tui
891 568 1050 632 osculans
1083 567 1293 633 interfecisti
1304 574 1380 629 1134.

168 658 291 734 filium,
322 660 363 721 ut
387 657 493 721 Iudas
523 657 674 742 perfidus
702 657 850 720 tradidit
873 657 1077 720 Dominum!
1124 656 1226 721 Nunc
1255 661 1292 722 te

168 751 334 830 premunt
356 749 501 831 peccata
523 749 595 822 tua,
620 766 712 809 nunc
734 749 771 811 te
787 746 855 810 Dei
870 749 1124 830 persequuntur
1146 746 1448 820 iudicialesque,

167 835 295 912 Hodie,
319 835 471 918 inquam,
496 835 644 920 accipies
667 836 759 918 quod
783 836 932 910 mereris,
969 839 1005 898 et
1036 835 1142 920 impio
1177 835 1291 918 capite

132 929 230 989 stuc
254 945 335 989 cum
356 925 517 990 manibus
546 924 701 990 scelestis
724 923 856 988 absciso
885 944 948 1008 pro
975 924 1030 987 tui
1051 923 1291 1007 magnitudine

166 1013 308 1079 sceleris
341 1016 418 1078 toto
453 1013 570 1078 seculo
592 1013 715 1078 fabula
749 1013 837 1078 eris’.
884 1012 960 1092 Quo
993 1012 1059 1078 tali
1082 1016 1191 1077 morte
1220 1033 1291 1098 per·

169 1107 299 1188 empto,
341 1123 402 1167 rex
435 1102 611 1180 Nicolaus,
656 1105 756 1188 pater
789 1101 919 1186 Magni,
954 1102 1078 1166 timore
1114 1107 1290 1186 correptus

165 1193 346 1268 immenso,
381 1191 519 1275 iamque
553 1211 589 1256 se
624 1194 660 1256 et
682 1213 704 1254 a
731 1191 966 1256 coessentibus
999 1190 1067 1255 sibi
1101 1191 1291 1255 comminus

48 1281 373 1346 ‘mr-moriturum
396 1281 601 1365 suspicatus,
627 1279 811 1365 *fugiendo
835 1301 913 1346 oum
937 1279 1162 1344 multitudine
1186 1301 1292 1345 arma-

126 1395 154 1435 ιο
163 1375 282 1435 torum
304 1371 403 1433 iuxta
418 1369 596 1434 civitatem
612 1369 776 1434 Sleswich
799 1372 852 1434 est
867 1371 1156 1434 castrametatus.
1191 1367 1292 1434 Cives

165 1463 286 1524 autem
321 1459 475 1524 eiusdem
505 1459 667 1535 civitatis,
701 1458 736 1522 in
768 1458 848 1523 dolo
878 1459 911 1523 ei
934 1458 1076 1542 pacifice
1099 1458 1289 1542 loquente,
1300 1461 1452 1554 {wlff-3,

165 1549 368 1633 episcopum
392 1547 515 1612 suum¹
545 1568 623 1612 cum
647 1548 770 1613 ceteris
793 1547 999 1632 primatibus
1023 1547 1067 1612 ad
1090 1567 1168 1612 eum
1193 1547 1291 1630 quasi
1301 1545 1321 1619 ι’,
1330 1569 1363 1612 ιο,
1393 1546 1399 1558 '
1419 1542 1424 1564 ¹
1453 1545 1459 1556 '

166 1637 263 1722 pacis
293 1635 430 1701 obsides
461 1637 658 1714 emiserunt,
690 1640 726 1701 et
756 1636 995 1700 introductum
1025 1636 1070 1699 ad
1104 1655 1141 1700 se
1171 1636 1291 1700 statim

164 1746 229 1811 pro
252 1726 387 1790 foribus
410 1725 596 1792 aecclesiae
619 1727 771 1810 positum
799 1726 836 1789 in
860 1725 1014 1790 oratione
1038 1729 1258 1808 peremerunt
1268 1725 1288 1803 ²,
1299 1757 1412 1811 (Μ),

127 1843 155 1882 ιι
165 1820 204 1880 et
227 1815 304 1880 loco
327 1815 401 1879 eius
424 1813 589 1879 Erichum
612 1814 723 1879 filium
752 1815 873 1880 fratris
903 1815 985 1892 eius,
1017 1833 1118 1897 quem
1141 1814 1290 1899 Magnus

165 1908 273 1969 antea
306 1903 587 1988 persequebatur,
623 1923 701 1967 cum
736 1903 829 1968 omni
863 1907 975 1968 terrae
1011 1903 1139 1987 populo
1173 1924 1290 1989 regem

165 1993 436 2058 constituerunt.

275 2081 490 2166 Imperator⁸
505 2101 584 2146 cum
600 2082 754 2146 exercitu
765 2081 927 2148 adversus
940 2081 1062 2146 ducem
1076 2081 1289 2147 Fridericum
1301 2101 1379 2151 (Aa.)

164 2175 204 2236 et
237 2171 383 2235 fratrem
419 2171 492 2236 eius
528 2169 727 2235 Odnradum
765 2169 925 2236 Sueriam
959 2170 1169 2255 ingreditur;
1206 2171 1290 2236 villa

124 2259 270 2328 soUlma
294 2259 455 2323 funditus
479 2259 678 2336 destruitur,
704 2259 856 2336 castella,
888 2259 1101 2325 municiones
1120 2259 1288 2344 plurimae

164 2351 381 2426 evertuntur,
415 2351 584 2431 tantoque
610 2348 710 2413 clade
743 2351 820 2413 tota
843 2347 969 2414 Sueria
1001 2348 1212 2433 percellitur,
1248 2353 1289 2412 ut
1372 2419 1379 2432 ,

164 2437 277 2502 nichil
300 2441 382 2502 ante
405 2437 516 2502 simile
545 2437 679 2501 factum
703 2459 725 2501 a
747 2439 882 2503 cunctis
904 2437 1042 2522 regibus
1067 2441 1286 2502 memoretur.

210 2537 265 2595 XI.
282 2535 339 2593 ΠΙ.
382 2527 485 2591 Anno
510 2526 650 2590 Domini
673 2525 885 2591 MOXXXV.
933 2519 1146 2610 Imperatorb
1174 2511 1398 2622 ιιιθιίἱιιξιξῇῧ·17

163 2615 431 2699 quadragesima
452 2615 648 2700 generalem
679 2617 809 2680 curiam
833 2615 1039 2699 Bobenberg
1061 2616 1195 2693 babuit,
1228 2615 1288 2680 ubi
1359 2613 1365 2624 '
1401 2612 1406 2623 '

124 2703 362 2774 „Fridericus
379 2703 568 2769 Sacrorum
592 2705 663 2768 dux
682 2705 830 2788 gratiam
853 2705 1070 2790 imperatoris
1094 2705 1286 2788 acquisivit,

164 2797 267 2858 etex
297 2794 472 2858 sententia
501 2794 718 2878 imperatoris
749 2798 784 2858 et
813 2795 970 2858 unanimi
1001 2814 1168 2860 consensu
1199 2795 1288 2878 prin-

165 2883 283 2967 cipum
318 2903 386 2967 pax
420 2902 492 2947 esse
528 2883 727 2948 decernitur
761 2883 877 2948 decem
914 2884 1013 2948 annis
1047 2905 1109 2968 per
1143 2903 1287 2967 reguum

164 2970 375 3046 universum,
400 2971 661 3036 coniurantibus
685 2972 819 3036 cunctis
842 2973 879 3036 in
902 2973 938 3036 id
961 2973 1084 3058 ipsum.

274 3059 469 3144 Imperator
498 3062 648 3125 curiam⁰
683 3062 776 3143 apud
806 3061 983 3126 civitatem
1007 3062 1211 3146 Marseburg
1243 3062 1287 3126 ed
1298 3083 1353 3130 Ao.
1362 3085 1380 3124 1.

128 3149 317 3218 „Vincula
340 3149 451 3214 sancti
474 3149 592 3215 Petri³
614 3150 748 3215 habuit.
795 3149 864 3214 Ubi
895 3171 936 3216 ex
960 3156 1122 3236 precepto
1146 3153 1287 3235 impera-

164 3239 251 3302 toris
275 3239 345 3302 dux
361 3237 590 3303 Polenorum⁴
613 3238 724 3317 affuit,
750 3239 809 3322 qui
829 3259 1053 3324 sepenumero
1077 3240 1288 3304 anteriorum

165 3328 414 3411 imperatorum
436 3328 617 3411 impetitus
639 3327 741 3405 bello,
772 3349 852 3413 sepe
875 3333 1027 3411 rogatus,
1058 3349 1137 3412 sepe
1168 3348 1288 3392 suasus

167 3415 460 3500 promissionibus,
484 3437 661 3500 nunquam
678 3420 795 3482 tamen
818 3417 863 3480 ad
886 3437 1004 3482 eorum
1021 3418 1151 3481 curiam
1170 3417 1288 3481 venire

167 3605 190 3656 ι)
203 3605 326 3646 hotbertus
340 3607 392 3650 add.
405 3606 431 3648 Β.
443 3607 469 3649 Ρ,
529 3605 553 3654 b)
566 3605 626 3650 l'rld.
641 3604 688 3647 dux
702 3607 768 3650 Suav.
782 3619 815 3657 gr.
828 3607 881 3658 imp.
890 3606 992 3648 botberti
1006 3617 1055 3656 seq,
1065 3607 1119 3650 Bab.
1128 3608 1193 3656 (Bab.
1201 3618 1250 3657 aeq.
1260 3609 1289 3657 P)

133 3658 158 3698 tt
169 3661 198 3700 sd
212 3661 299 3700 eurlm
313 3671 342 3703 m.
356 3671 378 3708 q,
393 3660 492 3700 tabitam
506 3659 532 3702 Ε,
545 3661 571 3705 Ρ.
626 3663 647 3710 c)
661 3661 718 3711 Imp.
731 3661 851 3702 loturum
866 3661 951 3702 endam
965 3671 1027 3700 susm
1041 3661 1066 3703 Ε.
1081 3661 1105 3703 P.

169 3801 195 3870 1)
213 3801 386 3854 Αᾱιῑόιήιιιη
403 3803 434 3853 in
452 3803 513 3870 ipsa
528 3817 624 3870 pugno
636 3803 784 3856 Fotcirenri
799 3805 920 3870 ararim
937 3803 1113 3873 vulneratum,
1137 3811 1199 3858 teste
1216 3805 1288 3862 Hbc.

167 3873 300 3940 Rosko'ld,
324 3873 373 3928 SS.
391 3872 502 3940 XXIX,
519 3891 548 3941 p.
561 3876 599 3929 24
614 3889 662 3942 sq,
688 3891 764 3942 quem
794 3876 876 3927 buius
900 3875 1029 3928 biblos-loe
1052 3881 1153 3942 nudor,
1179 3877 1289 3930 Nicoloo

166 3948 270 4010 some,
291 3945 422 4010 infidelem
440 3952 520 4012 meat,
547 3961 599 4012 quo
616 3945 686 3996 bone
707 3949 894 3999 meatim
911 3947 1105 4014 quodammodo
1128 3949 1289 4014 confirmare

166 4017 280 4070 ridetur.
351 4019 380 4084 2)
398 4016 450 4069 Die
462 4016 577 4073 lamb.
598 4017 640 4082 Cf.
650 4017 751 4071 Nerei.
761 4017 860 4083 land,
874 4017 1024 4085 Langebelc,
1042 4019 1090 4073 SS.
1102 4019 1135 4072 R.
1149 4019 1222 4073 Dan.
1234 4019 1288 4083 III,

132 4104 192 4155 cop.
214 4089 282 4155 4503
319 4086 400 4140 Liba
425 4103 500 4142 mem,
525 4079 615 4142 Lama
640 4088 680 4142 ed.
707 4087 736 4143 0.
757 4088 847 4142 Weeke
872 4088 900 4154 I,
926 4105 955 4156 p.
976 4091 1036 4146 160.
1077 4091 1189 4142 Prote
1216 4091 1288 4146 Hier.

168 4159 289 4213 Rorhrld.
317 4159 353 4223 cf.
381 4159 418 4212 ad
444 4175 501 4211 rem
524 4159 643 4212 &conis
665 4161 745 4212 Gesta
768 4161 839 4213 Dan.
867 4159 884 4214 l.
903 4160 993 4226 XIII,
1021 4161 1043 4225 f.
1061 4179 1158 4228 cm,
1188 4161 1287 4214 Cbron.

167 4230 300 4295 Siolond,
320 4229 541 4297 Xnylls'npceaqa
559 4246 580 4284 c.
593 4231 637 4297 98,
657 4231 705 4286 SS.
724 4229 832 4298 XXIX,
853 4233 938 4298 p.84.
957 4233 1018 4286 212.
1038 4235 1098 4286 301.
1183 4233 1211 4300 3)
1228 4233 1289 4286 Non

166 4301 208 4424 ‘ibn
225 4303 298 4424 Affl
311 4303 337 4367 1,
355 4302 402 4353 eod
419 4301 489 4368 Aac.
504 4304 550 4370 153
569 4301 604 4367 cf.
624 4301 784 4355 Bembordi
799 4303 816 4356 l.
836 4302 853 4357 l.
870 4319 898 4371 p.
918 4305 979 4370 572,
999 4319 1026 4357 n.
1038 4304 1081 4357 27.
1154 4305 1182 4370 4)
1199 4304 1290 4356 Boler-

194 4389 228 4424 ιω
296 4413 302 4426 .
