3186 4844
283 453 451 510 (11³0ch
470 453 498 512 S.
511 454 627 510 PETRI
644 454 904 512 ERFORDENSIS
922 455 1119 512 MODERNA.
1210 461 1261 516 133

147 635 405 718 Erforrtensinrn,
429 639 512 719 qnod
525 659 689 720 nunqnam
711 637 850 704 extitisse
872 645 999 719 constat,
1023 646 1162 721 sumptas
1184 661 1257 705 esse.

146 723 293 806 Denique
315 725 382 806 ipse
405 727 548 791 ostendi¹
572 748 677 791 omnes
698 728 787 808 tooos,
812 749 888 809 qnos
909 727 974 792 oiri
996 727 1047 792 itti
1068 728 1151 794 docti
1174 728 1258 794 ctera

146 813 215 878 nico
239 813 366 878 Montis
397 815 428 880 S.
454 815 544 880 Petri
574 817 785 894 montmoret,
816 815 946 880 minime
975 837 1013 882 er
1042 817 1105 895 hoc,
1135 819 1190 882 sect
1220 838 1258 882 erc

145 901 220 966 otiis
242 902 394 982 fontibus,
417 910 452 968 nt
473 925 512 968 ee
534 903 724 985 Enqethosii
746 905 898 986 encerptis
920 925 1026 969 eornm
1047 912 1259 986 excerptorum

115 1013 128 1053 s
149 989 304 1056 Cronicae
319 993 496 1072 modernae,
519 992 783 1074 coaetanea
802 1000 933 1074 exstant,
958 995 1004 1058 oet
1027 1014 1065 1058 en
1086 993 1258 1060 annalibus

144 1079 289 1144 brevibus
311 1080 490 1159 Erforctiae
512 1081 640 1162 scriptis
662 1082 708 1146 oet
731 1102 770 1144 en
797 1081 934 1148 Granico
956 1081 1097 1161 Minore,
1122 1089 1257 1162 sumptos

143 1189 215 1245 esse,
246 1189 410 1250 nrcnqnam
439 1169 578 1234 extitisse
607 1170 777 1234 chronicon
804 1170 928 1234 Montis
959 1170 992 1236 S.
1014 1169 1104 1235 Petri
1127 1177 1257 1251 praeter

24 1301 25 1336 ,
147 1255 319 1322 (ironicam
347 1259 539 1338 modernam,
570 1279 650 1339 qnae
680 1258 769 1323 nobis
799 1259 878 1324 satis
907 1260 989 1323 bene·
1003 1265 1128 1324 semota
1150 1258 1256 1338 est,si

23 1347 25 1384 s
143 1344 262 1409 codices
285 1367 399 1427 manes,
423 1367 488 1412 non
504 1347 713 1428 perantiquae
731 1346 864 1428 quictem,
888 1354 968 1412 recte
990 1354 1019 1413 et
1040 1354 1185 1412 accurate
1207 1368 1255 1412 ex-

111 1457 133 1496 ιο
142 1433 278 1498 cesseris
287 1437 308 1496 ².
359 1435 425 1516 Quo
454 1435 539 1515 sacto
568 1437 689 1500 nuttam
717 1457 851 1518 monam
873 1437 971 1501 tecum
993 1435 1142 1516 invenies,
1165 1456 1256 1516 onom

141 1521 210 1586 iore
248 1523 397 1587 chronico
430 1523 554 1588 Montis
589 1525 622 1589 S.
655 1523 744 1589 Petri
780 1524 899 1588 maiori
936 1523 1105 1589 attribnere
1136 1545 1252 1606 posses.

141 1611 243 1675 Immo
267 1611 304 1675 in
327 1612 391 1676 cod.
409 1612 444 1676 E
464 1614 570 1692 mirtta,
594 1612 631 1677 in
655 1613 718 1678 eod.
740 1618 755 1676 l
780 1613 875 1678 etiam
897 1620 926 1677 et
944 1612 1088 1678 inlibris
1103 1613 1253 1694 eiproni·

141 1699 200 1764 mis
225 1720 390 1781 perpauca
411 1708 521 1782 postea
544 1702 657 1766 addita
678 1703 781 1781 snnt³,
813 1723 893 1783 orcae
915 1703 970 1766 snb
994 1706 1251 1766 o.1230.1287.

144 1793 236 1852 1294.
266 1795 360 1852 1302.
388 1796 481 1854 1313.
510 1795 603 1853 1323.
629 1791 782 1855 adnotata
804 1789 975 1854 immissi

111 1899 132 1938 a
251 1875 331 1942 Com
354 1899 458 1943 mones
481 1878 599 1944 codices
622 1899 660 1943 ecc
683 1879 785 1944 codiee
806 1878 975 1944 Orom'cam
989 1880 1172 1944 modernam
1185 1878 1253 1944 iam

21 1975 22 2046 ]
140 1985 235 2047 nsque
259 1967 304 2030 ad
324 1988 354 2031 a.
376 1973 468 2031 1335.
493 1968 708 2032 continuatam
723 1967 897 2032 continente
914 1967 1071 2048 profeetos
1092 1988 1157 2032 esse
1172 1967 1252 2032 oide-

140 2054 248 2134 rimns,
281 2055 400 2136 ationis
428 2055 568 2120 conicere
590 2063 696 2138 posset
723 2055 760 2120 in
789 2056 845 2120 hoe
867 2055 969 2121 codice
991 2055 1118 2136 priores
1140 2062 1252 2138 partes

143 2141 299 2208 Oronicae
321 2142 389 2208 iam
411 2151 600 2210 retractatas
622 2151 818 2226 mutatosque
833 2143 943 2226 fnisse,
966 2143 1095 2226 ideoque
1117 2165 1182 2209 non
1204 2144 1251 2210 in-

139 2237 242 2312 tepros
258 2231 350 2296 nobis
364 2239 506 2298 serratas
523 2255 597 2313 esse,
618 2240 652 2298 at
668 2234 724 2298 troc
742 2233 864 2298 cottotis
879 2231 971 2298 tibris
986 2255 1021 2314 p.
1038 2239 1111 2297 121.
1130 2238 1191 2297 124
1204 2254 1249 2314 sq.

107 2320 238 2402 odietis,
257 2321 450 2401 praesertim
471 2321 655 2387 Annatibns
676 2321 1007 2403 Erphessordensiorn
1030 2321 1248 2402 Letharianis,

138 2429 199 2472 non
212 2430 320 2474 eornm
332 2431 397 2474 esse
408 2410 612 2492 capnoscitnr.
635 2409 730 2475 Nitcit
741 2410 897 2491 habemns,
911 2431 968 2475 cur
979 2411 1143 2476 credamus
1151 2417 1250 2491 poste·

19 2575 20 2590 ἢ
137 2497 253 2562 riorem
276 2497 459 2579 sarptmem
481 2499 518 2562 in
541 2499 705 2580 prioribns
728 2498 878 2580 partibas
899 2498 1071 2580 qnidqoam
1093 2499 1249 2564 cotnntate

19 2591 21 2612 ⁸
137 2586 298 2651 etiniicio
312 2586 501 2666 immutasse,
525 2587 619 2652 immo
634 2587 768 2653 codicem
785 2587 876 2652 ittnm
898 2610 928 2652 a.
944 2593 1037 2652 1335.
1061 2588 1249 2668 scriptorum

135 2674 334 2740 diversarum
351 2675 496 2756 partium
511 2677 712 2759 archetypam
726 2675 827 2756 fnisse
845 2697 961 2756 censeo,
985 2676 1150 2758 archetypo
1167 2675 1247 2740 oide-

19 2743 20 2820 i
103 2763 205 2828 reticet
218 2763 360 2829 auctoris
369 2764 496 2845 primae
513 2765 628 2847 ‘partis
646 2788 675 2830 a.
695 2761 823 2850 leosss.
843 2765 955 2830 iterum
969 2763 1142 2846 itermmqne
1159 2763 1248 2830 nocis

19 2915 20 2922 ,
49 2839 272 2934 'Minaeum
293 2853 541 2918 membranaceis
566 2853 755 2919 adstitisset
777 2853 868 2934 foliis
889 2853 956 2918 eins
974 2853 1088 2918 concis
1110 2853 1248 2918 relictis⁵

19 2957 20 3008 3
133 2941 327 3022 senitentiam
350 2941 495 3023 partiam
524 2948 665 3008 coctores
694 2963 754 3008 sna
778 2941 988 3023 inscripsisse,
1012 2963 1082 3007 cum
1103 2941 1247 3008 animad-

133 3029 280 3094 verterim
302 3037 332 3094 et
349 3030 386 3094 in
402 3032 499 3096 coil
524 3038 553 3095 et
574 3031 610 3095 in
626 3032 689 3096 eod.
706 3031 741 3094 E
761 3033 916 3113 quaedam
931 3037 1057 3096 serrata
1071 3051 1144 3110 esse,
1167 3051 1247 3112 qnae

133 3119 177 3182 ad
196 3117 367 3184 Cronicam
390 3139 455 3184 non
472 3119 667 3201 pertinentia
684 3127 756 3202 post
772 3119 915 3200 primam
938 3125 967 3184 et
989 3120 1157 3184 secandam
1169 3140 1246 3200 par-

19 3219 20 3264 }
99 3213 191 3271 sotem
215 3205 307 3286 foliis
336 3207 445 3272 vacuis
474 3207 635 3290 archetypi
657 3208 815 3289 inscripta
837 3209 938 3288 fnisse
965 3208 1119 3289 appar·et⁰.
1167 3207 1247 3272 Nisi

19 3343 20 3346 ¹
132 3315 204 3360 cero
219 3296 274 3360 itte
289 3299 385 3361 coclea
398 3296 464 3377 snit
480 3297 666 3380 archetypos
683 3297 786 3378 primi
809 3303 838 3361 et
859 3296 1052 3378 sequentiam
1074 3302 1244 3376 anctornm,

132 3507 158 3570 1)
178 3505 224 3560 4Ν.
238 3505 355 3558 Arehto'
369 3505 450 3570 XXI,
466 3521 495 3573 p.
508 3509 672 3562 479-534.
744 3509 772 3572 2)
797 3507 830 3558 Ut
848 3521 936 3558 ornnes
953 3505 1072 3570 librar-it,
1090 3507 1246 3558 rrcmttores

127 3577 405 3642 praeseminaria
429 3579 508 3629 etiam
532 3578 636 3644 codicis,
662 3580 712 3645 qui
725 3577 797 3630 sotns
816 3578 956 3630 &aninam
973 3579 1106 3642 inicorum
1124 3578 1244 3641 contr'net,

99 3663 331 3771 „orno
358 3647 676 3786 1111111111
701 3647 1246 3786 11111111111111111111

836 3762 841 3774 ·
1018 3759 1026 3784 r

130 3791 212 3842 eoem
231 3758 365 3854 lspnntirr,
384 3791 486 3843 domum
505 3791 554 3845 Br.
574 3792 664 3844 micet
686 3793 716 3842 in
736 3791 847 3844 editions
863 3805 915 3842 suo
933 3792 1027 3843 orntsr't.
1100 3791 1127 3858 3)
1147 3791 1208 3841 Non
1227 3805 1244 3840 a

129 3861 216 3912 moa
235 3862 291 3914 cort.
307 3863 330 3925 1,
349 3861 394 3913 sert
411 3867 459 3912 ont
477 3862 511 3914 ab
523 3877 550 3914 co
568 3865 616 3930 our'
628 3863 700 3916 Cant.
714 3863 768 3917 III.
787 3863 931 3929 cornposm't
949 3867 996 3912 out
1015 3861 1048 3912 ah
1059 3875 1088 3913 eo
1103 3863 1151 3928 qut
1162 3861 1245 3913 lencm

130 3935 247 3988 a.1344.
267 3947 353 4000 supra
372 3935 411 3998 (p.
425 3935 490 3994 131)
507 3933 606 3985 areum
624 3933 759 3986 cadmina
776 3935 887 3986 nonar.
954 3933 982 3999 4)
1001 3932 1093 3984 Etiam
1111 3947 1178 4000 onas
1195 3930 1244 3982 suo

130 4005 247 4058 α.1187.
267 4004 409 4069 emmor:
427 4001 518 4056 Huius
535 4005 599 4058 anni
617 4004 734 4057 infauste
753 4035 786 4043 —
804 4007 867 4072 post
884 4001 1045 4058 Mocvm.
1065 4001 1128 4055 anni
1144 4000 1244 4069 scripta

97 4073 305 4142 comperiuntur
329 4074 373 4139 (cte
397 4075 491 4142 quiam
515 4077 550 4139 cf.
570 4077 613 4129 (Ν.
634 4075 748 4128 Archio'
766 4075 851 4140 XXI,
873 4092 903 4142 p.
917 4077 1034 4142 serso.)
1058 4091 1077 4126 o
1097 4075 1244 4140 ponerem

129 4148 257 4212 sempron
281 4147 384 4197 inserta
407 4147 531 4198 oidmtnr
555 4162 613 4201 esse.
698 4149 725 4212 ὃ)
751 4147 825 4199 Patet
850 4149 880 4196 r'n
905 4146 1045 4214 archetypo
1067 4151 1127 4213 post
1147 4147 1243 4197 incom-

130 4215 205 4267 moda
224 4231 251 4269 a.
266 4218 344 4280 1187,
361 4221 421 4282 post
441 4219 562 4284 primam
582 4224 689 4284 portem
706 4233 732 4270 a.
748 4219 824 4272 1208.
843 4217 999 4270 desinentem
1016 4217 1125 4282 scripto,
1145 4216 1243 4280 sottum

130 4286 169 4338 nel
183 4293 289 4355 partem
308 4287 372 4350 fotr'r'
387 4303 498 4340 camum
516 4289 634 4341 retiatum
651 4290 744 4356 fnisse,
769 4290 799 4340 r'n
822 4303 874 4355 quo
898 4290 1030 4356 inscripto
1049 4288 1133 4350 fueret
1150 4287 1243 4339 relatio

130 4363 217 4410 ueras
235 4365 320 4411 motus
336 4374 363 4412 o.
378 4361 455 4424 1279,
473 4375 540 4428 atrae
557 4363 587 4411 ἐπ
604 4361 659 4414 eod.
673 4359 701 4412 Ε
716 4359 756 4411 soz·
771 4365 865 4414 exstat.
938 4362 966 4428 6)
981 4361 1023 4413 ‘N.
1036 4357 1149 4411 Archio’
1162 4358 1241 4422 XXI,

96 4431 299 4496 33535811·
