3248 4856
337 358 390 412 700
539 354 732 410 esemona
749 355 912 411 ssssonls
930 354 1194 412 OONTINUATIO
1207 357 1258 412 VI.

253 537 523 606 1322.Lndvvicns
546 543 627 602 ante
651 539 764 604 dictus
795 544 831 604 et
859 561 919 604 rex
942 540 1108 605 Bohemie
1131 540 1304 605 Iohannes
1334 545 1458 605 contra

340 627 551 692 Fridericum
577 649 681 691 manu
706 628 832 694 bellica
861 632 1110 713 processerunt.
1157 629 1351 694 Fridericns
1373 651 1457 694 vero

338 717 374 779 in
399 717 548 800 quodam
570 721 670 800 prato
699 718 860 783 habitans
891 718 1029 782 nomine
1054 718 1226 803 Emphing
1255 719 1346 783 inter
1369 719 1456 782 duas

337 805 445 870 valles
474 805 616 870 flumine
647 807 821 871 mediante
851 807 979 885 taliter,
1011 809 1101 890 quod
1131 807 1313 872 Ludwicus
1343 810 1379 872 et
1402 808 1455 872 Io-

338 894 470 958 hannes
493 896 665 979 principes
690 915 770 979 sepe
793 895 861 959 fati
889 898 1031 979 propter
1053 897 1182 960 fiumen
1204 896 1296 979 quod
1327 897 1481 961 dicituro

340 979 476 1066 [Ysenu
509 984 720 1048 Fridericum
755 985 917 1049 accedere
952 1005 1021 1048 non
1054 985 1226 1050 valebant.
1280 985 1455 1049 Iohannes

338 1093 418 1137 vero
452 1094 511 1137 rex
546 1073 729 1138 bellicosus
763 1074 892 1138 fiumen
925 1067 1159 1157 perlustransb
1191 1074 1279 1137 vada
1313 1078 1456 1158 propter

337 1163 523 1226 transitum
561 1163 731 1227 exercitus
764 1163 802 1225 in
841 1163 936 1227 brevi
969 1164 1133 1247 temporis
1167 1163 1282 1247 spacio
1318 1163 1455 1226 demon-

338 1252 488 1328 strabat,
520 1255 555 1315 et
585 1252 695 1316 omnis
725 1251 854 1316 milicia
883 1251 1038 1315 Lndvici
1067 1255 1103 1315 εὴ
1132 1251 1297 1316 Iohannis
1327 1252 1454 1315 vadum

275 1403 278 1408 ,
337 1341 517 1404 inventum
533 1341 764 1423 pertransivit.
796 1341 970 1405 Iohannes
985 1344 1101 1404 autem
1117 1362 1177 1405 rex
1193 1340 1375 1404 bellicosus
1390 1362 1454 1423 pro
1467 1375 1493 1413 10

230 1430 468 1514 apricprimm
489 1429 574 1494 belli
590 1430 827 1512 congressione
850 1431 886 1493 in
903 1430 958 1493 die
982 1431 1093 1494 sancti
1110 1429 1322 1494 Wenczeslai
1345 1430 1453 1493 aciem

338 1519 404 1584 sibi
427 1519 563 1582 struxit.
604 1518 668 1582 Oui
684 1519 871 1582 Heinricus
894 1518 964 1581 dux
979 1518 1118 1582 Anstrie
1135 1538 1213 1583 cum
1230 1518 1453 1582 Stiriensibus

338 1609 503 1672 audacter
525 1606 686 1684 obviavit,
718 1608 777 1672 sed
808 1629 850 1671 ex
879 1610 1025 1691 unaque
1056 1611 1155 1690 parte
1185 1608 1285 1671 ambo
1308 1607 1454 1671 viriliter

338 1699 614 1781 pnngnaverunt.
668 1691 815 1760 Statim‘l
842 1696 1024 1760 Ludvicus
1047 1697 1151 1761 item⁰
1172 1695 1301 1760 bellum
1332 1702 1453 1760 contra

338 1787 551 1850 Fridericum
575 1788 627 1849 est
650 1785 832 1868 ingressus,
857 1785 917 1868 qui
939 1805 1092 1869 paganos
1113 1791 1149 1849 et
1167 1785 1322 1869 Ungaros
1337 1804 1453 1848 secum
1465 1803 1492 1842 1⁵

339 1876 447 1938 duxit.
506 1874 573 1938 Sed
608 1875 689 1956 quia
718 1874 901 1938 Ludwicns
934 1894 1037 1958 super
1071 1875 1282 1938 Fridericum
1317 1894 1453 1938 crucem

337 1965 475 2027 racione
510 1983 722 2046 paganorum
756 1963 857 2026 iussit
890 1963 1077 2046 predicare,
1113 1967 1148 2026 ct
1186 1963 1259 2027 eins
1293 1962 1454 2046 armigeri
1586 1957 1591 1972 ⁸

339 2053 487 2116 confessi
510 2054 545 2115 et
569 2052 710 2114 contriti
734 2054 778 2116 et·
792 2055 913 2115 sancta
936 2071 1036 2116 cruce
1060 2052 1147 2116 bene
1169 2052 1296 2115 muniti
1319 2045 1450 2127 arants,

338 2139 786 2294 amanensi?
800 2140 1311 2294 camenctum
1334 2143 1491 2292 tutu

339 2319 417 2384 aliis
447 2318 491 2382 ad
514 2318 751 2401 captivitatem
782 2321 992 2381 artaverunt.
1040 2318 1108 2382 Sed
1132 2318 1325 2382 Fridericus
1355 2317 1452 2400 quasi

339 2408 432 2472 solus
446 2427 629 2491 pungnans
642 2407 686 2470 ad
697 2407 911 2491 primipilum
922 2407 1099 2471 Lndwici⁸
1121 2408 1217 2471 venit
1231 2399 1399 2470 furendoh
1416 2409 1452 2470 et

339 2497 376 2562 in
399 2501 515 2581 partes
545 2497 715 2580 panirinm
748 2495 902 2560 laniavit.
949 2495 1015 2560 Sed
1045 2497 1186 2560 tandem
1211 2495 1404 2560 Pridericus
1431 2515 1452 2557 a

339 2587 522 2672 pnrgravio
546 2585 589 2650 de
612 2585 861 2649 Nurenberch¹
885 2588 937 2650 cst
960 2585 1131 2660 detentus,
1160 2585 1218 2668 qui
1241 2583 1452 2667 presentavit

339 2696 418 2740 enm
441 2675 613 2752 Lndwico,
638 2677 673 2738 et
696 2674 878 2738 Ludwicus
907 2674 1020 2756 ipsum
1050 2673 1231 2757 plusquam
1261 2695 1322 2757 per
1351 2673 1488 2739 trien-eo

339 2765 435 2828 nium
472 2765 589 2828 tenuit
626 2765 663 2825 in
701 2764 904 2847 captivitate
943 2763 981 2825 in
1019 2763 1167 2845 quodam
1207 2766 1318 2826 castro
1361 2761 1452 2844 quod
1590 2757 1591 2774 ¹

339 2847 583 2917 Transenichti
614 2856 844 2935 nuncupatur.
895 2851 968 2915 Rex
998 2855 1115 2916 autem
1138 2850 1303 2914 Bohemie
1330 2850 1451 2914 ducem

339 2941 544 3006 Heinricum
574 2941 673 3004 duxit
702 2941 860 3024 Pragam.
912 2940 1037 3004 Postea
1066 2940 1260 3004 Fridericns
1292 2959 1450 3004 coronam

338 3031 437 3114 regni
466 3030 699 3112 lanceamque,
730 3035 834 3112 quas⁸
862 3029 923 3092 diu
952 3033 1122 3106 tenuerat,
1156 3029 1318 3092 Ludvico
1350 3029 1449 3110 resig-

250 3126 327 3182 1325.
339 3119 444 3196 navit,
469 3125 504 3183 et
520 3119 715 3182 Fridericus
738 3118 787 3182 sic
811 3138 832 3181 a
846 3117 993 3182 vinculis
1010 3121 1062 3183 est
1078 3120 1227 3201 ereptus.
1265 3116 1487 3180 Hainricns³⁰

338 3229 417 3273 vero
442 3209 608 3284 civitates,
639 3207 771 3271 scilicet
795 3205 943 3290 Cznoym
974 3210 1009 3271 et
1034 3207 1177 3290 Weytra
1206 3208 1242 3270 et
1265 3205 1347 3288 Lag,
1379 3206 1451 3288 regi

338 3297 504 3362 Bohemie
527 3318 590 3381 pro
613 3296 759 3380 pecunia
782 3316 842 3360 sue
866 3296 1116 3380 redempcionis
1144 3294 1322 3378 obligavit.
1348 3293 1451 3357 .Post

336 3389 474 3470 tempus
498 3406 578 3450 vero
602 3405 749 3469 paucum
767 3383 952 3448 Heinricns
966 3385 1121 3468 Wyenne
1143 3383 1367 3447 infirmitate²
1386 3401 1451 3466 que

250 3457 327 3511 1327.
338 3475 466 3540 dicitur
481 3475 624 3558 ethyca²
647 3473 690 3538 ab
710 3474 775 3537 hoc
792 3473 907 3537 seculo
924 3474 1094 3557 migravit.
1133 3473 1328 3537 Fridericus
1343 3473 1452 3536 eciam

218 3525 328 3646 affl]
337 3567 478 3648 propter
505 3563 646 3626 nimiam
675 3562 855 3626 tristiciam
881 3561 931 3626 'et
961 3561 1114 3628 dolorem
1143 3562 1179 3624 in
1212 3555 1378 3626 eandemk
1404 3560 1486 3622 inu

338 3654 423 3718 cidit
438 3653 675 3716 infirmitatem
692 3654 728 3716 et
742 3651 780 3713 in
796 3644 853 3716 ca¹
876 3651 980 3734 longo
996 3655 1151 3736 tempore
1167 3650 1348 3733 egrotavit.
1383 3649 1450 3712 Sed

338 3742 537 3818 Ludwicus,
571 3742 614 3804 de
644 3761 712 3822 qno
742 3740 836 3824 prins
867 3740 999 3805 mencio
1030 3740 1151 3804 habita
1179 3740 1266 3814 fuit,
1297 3739 1451 3804 senciens

339 3831 550 3895 Fridericum
574 3851 647 3894 esse
670 3829 883 3913 inpotentem
912 3862 956 3871 -
982 3849 1063 3892 nam
1086 3829 1153 3893 sibi
1181 3829 1217 3890 in
1249 3827 1341 3893 bello
1371 3827 1452 3891 bina

338 3921 412 3984 vice
435 3920 663 4002 triumphavit
686 3918 789 3980 —in
818 3918 962 4002 imperio
991 3918 1131 3982 fortiter
1158 3916 1338 3981 laboravit.
1385 3915 1452 3979 Sed

338 4091 360 4144 ι)
375 4105 416 4135 om.
430 4103 447 4135 c.
500 4091 525 4146 b)
539 4092 651 4142 plastrum
665 4103 682 4134 c.
736 4093 757 4139 c)
770 4090 830 4130 bella
843 4091 901 4140 add,
915 4091 959 4131 del.
973 4103 990 4134 c.
1043 4089 1067 4140 d)
1081 4090 1120 4130 Fri
1134 4090 1279 4138 add.,a01.e.
1329 4091 1350 4138 e)
1363 4085 1422 4128 idem
1436 4096 1486 4134 uso

338 4147 425 4195 oquin
438 4157 455 4188 e.
510 4148 532 4195 g)
546 4146 689 4195 primipnlnm
703 4145 810 4184 ludwicus
824 4155 841 4186 c.
896 4143 919 4194 h)
933 4145 1027 4185 correct!
1041 4145 1116 4192 Μαι,-
1130 4143 1203 4183 suedo
1217 4154 1234 4186 c.
1294 4141 1311 4194 ί)
1325 4139 1452 4182 ίηιιιοιιίοὴ

339 4205 392 4239 tunc
405 4211 423 4242 c.
477 4200 501 4246 k)
515 4196 594 4240 cadem
608 4211 626 4238 c.
682 4199 697 4246 l)
711 4209 738 4237 eo
751 4209 769 4240 c.

341 4341 367 4406 1)
387 4339 525 4391 sacrat
542 4338 594 4394 rv.
631 4339 673 4402 cf.
692 4355 779 4405 supra
799 4357 829 4406 ρ.
848 4341 909 4394 353.
981 4339 1010 4407 a)
1029 4339 1085 4398 Le.
1105 4339 1202 4392 caea
1220 4337 1311 4404 fanu.
