3200 4844
288 351 322 403 10
376 347 555 402 ANNALES
575 348 603 404 S.
616 347 732 402 PETRI
751 347 1124 404 ERPHESFURTENSES
1144 346 1315 417 ANTIQUI.

168 510 316 612 p'ffl'jpin
341 529 431 578 artum
457 525 590 578 conclusis
615 525 696 578 rebus
721 542 776 578 non
801 525 914 593 patebat
939 525 1085 595 effugium,
1110 543 1170 578 rem
1195 524 1308 578 consilio
1334 524 1406 594 regis

288 595 425 664 permisit,
452 601 598 664 quatenus,
624 599 707 663 prout
730 596 789 664 ipse
814 597 917 649 bonum
943 601 971 650 et
995 613 1108 665 equum·
1122 595 1270 660 iudicaret,
1297 613 1406 648 causam

288 667 360 718 inter
378 683 406 719 se
425 669 453 719 et
472 665 706 734 archiepiscopum
725 667 893 723 terminaret.
924 667 978 719 Diu
997 667 1082 736 igitur
1100 667 1196 720 habita
1208 666 1406 719 deliberatione

289 737 316 789 in
341 736 412 790 hanc
431 737 542 790 tandem
568 737 724 804 pactionem
749 737 889 790 mediante
913 747 1000 805 regea
1024 739 1108 791 abhas
1134 742 1161 790 et
1187 736 1406 804 archiepiscopus

289 811 490 874 consenserunt,
510 812 540 860 ut
559 808 644 860 abbas
662 807 690 860 in
710 807 805 862 decern
824 808 878 860 suis
894 807 1073 861 decimalibus
1086 807 1223 862 aecclesiis
1236 807 1303 860 duas
1315 813 1429 875 partese

289 878 472 944 decimarum,
500 878 613 931 terciam
642 877 861 946 archiepiscopus
889 879 1040 946 acciperet,
1068 879 1096 931 in
1122 877 1233 946 reliquis
1258 895 1323 931 vero
1349 878 1407 931 eius

289 949 426 1002 aecclesiis
445 948 559 1001 dimidia
578 949 680 1016 abbati,
699 949 815 1001 dimidia
832 948 1036 1018 archiepiscopo
1056 947 1248 1019 contingereb3
1274 949 1322 1002 ubi
1340 965 1406 1002 vero

289 1019 421 1072 aecclesia
446 1019 587 1072 decimalis
611 1019 723 1088 propria
749 1019 946 1088 archiepiscopi
972 1025 1055 1087 esset,
1083 1024 1142 1072 tota
1167 1020 1224 1072 illic
1249 1019 1274 1072 ei
1300 1019 1407 1073 decima

289 1090 413 1159 cederet;
436 1095 563 1158 preterea
581 1095 612 1143 ut
634 1107 728 1143 omnes
751 1091 928 1144 dominicales
952 1091 1149 1159 archiepiscopi
1174 1095 1272 1158 curtes,
1294 1091 1322 1142 iu
1341 1108 1406 1158 qua·

289 1177 405 1228 cumque
436 1166 524 1214 essem
554 1161 714 1229 parrochia,
751 1162 785 1214 ab
816 1161 891 1214 omni
922 1162 1030 1229 penitus
1060 1162 1228 1214 decimarum
1263 1161 1442 1216 exactionem

289 1232 422 1284 immunes
448 1237 597 1286 manerent.
640 1230 699 1285 Sub
724 1231 819 1300 iugum
849 1232 930 1284 misso
958 1233 1058 1286 abbate
1083 1232 1282 1296 Herveldensi,
1314 1232 1406 1284 statim

289 1302 424 1370 Thuringi
442 1303 518 1355 omni
536 1320 583 1370 spe
602 1301 738 1370 adempta,
758 1319 790 1355 eo
810 1302 883 1370 quod
902 1303 930 1355 in
950 1303 1022 1355 illius
1041 1303 1188 1370 prudentia
1206 1307 1234 1356 et
1250 1301 1407 1370 eloquentia

288 1373 437 1442 plurimum
457 1372 572 1426 fiduciae
592 1373 644 1426 sibi
663 1371 821 1440 posuissent,
847 1390 902 1425 non
927 1375 999 1426 ultra
1023 1375 1189 1440 restiterunt,
1215 1373 1262 1427 sed
1287 1374 1407 1426 decimas

290 1444 317 1496 in
336 1443 472 1511 reliquum
492 1445 593 1512 absque
611 1444 806 1496 retractatione
825 1443 890 1496 dare
909 1444 1024 1512 professi
1043 1450 1112 1500 sunt.
1156 1444 1299 1498 Fuldensis
1322 1445 1406 1496 abbas

290 1514 435 1582 aliquantis
455 1518 551 1582 postea
576 1514 672 1567 diebus
697 1514 849 1567 obstinatus
875 1514 902 1566 in
928 1514 1068 1583 proposito
1094 1515 1220 1583 perstitit.
1263 1514 1319 1568 Sed
1344 1532 1406 1568 cum
1419 1531 1443 1568 rs

289 1603 340 1638 nee
357 1585 429 1654 regis
447 1585 565 1654 gratiam
584 1585 706 1652 recipere
727 1602 778 1638 nec
803 1585 839 1637 ad
863 1603 911 1638 sua
936 1586 1068 1638 redeundi
1094 1585 1233 1639 licentiam
1260 1586 1406 1653 impetrare

289 1661 387 1724 posset,
406 1655 458 1708 nisi
481 1656 509 1708 in
533 1673 706 1708 communem
726 1656 889 1709 sententiam
908 1657 1079 1723 concederet,
1099 1657 1210 1710 tandem
1229 1673 1320 1710 rerum
1335 1656 1406 1708 dilii-

290 1727 391 1778 cultate
411 1731 552 1794 superatus
571 1727 605 1779 ad
624 1725 695 1779 hanc
714 1726 908 1793 conditionem,
927 1743 983 1779 non
996 1733 1052 1780 tarn
1070 1728 1182 1780 consilio
1196 1744 1277 1794 quam
1291 1726 1406 1795 imperio

290 1801 318 1850 et
342 1801 418 1849 metu
443 1797 515 1866 regis
538 1800 648 1850 coactus
673 1802 721 1863 est,
747 1801 778 1849 ut
804 1797 830 1849 in
857 1797 962 1850 cunetis
987 1797 1166 1851 decimalibus
1192 1798 1329 1852 aecclesiis
1353 1797 1407 1850 suis

289 1872 395 1936 partem
415 1866 557 1920 dimidiam
577 1867 744 1921 decimarum
764 1868 829 1935 ipse,
852 1867 994 1921 dimidiam
1017 1869 1236 1937 archiepiscopus
1262 1868 1443 1936 acciperetso

290 1938 468 1991 dominicales
494 1943 585 1990 autem
612 1945 702 1991 curtes
727 1956 788 1990 suas
813 1939 883 1992 siout
908 1939 1127 2007 archiepiscopus
1152 1956 1246 1992 omnes
1272 1939 1306 1992 ab
1332 1939 1407 1992 omui

290 2009 457 2062 decimarum
476 2009 631 2062 redditione
650 2009 750 2062 liberas
774 2010 897 2064 haberet.
934 2009 1006 2062 Tum
1031 2027 1088 2078 rex,
1115 2011 1201 2063 sciens
1226 2009 1312 2062 hautss
1337 2011 1407 2062 bene

289 2079 425 2147 placitura
449 2079 576 2133 Romano
601 2079 726 2147 pontifici
753 2097 822 2148 quae
849 2085 927 2148 gesta
954 2079 1078 2148 lucrant,
1106 2081 1156 2134 sub
1185 2081 1407 2133 interminatione

289 2151 395 2218 gratiae
414 2167 477 2204 suae
496 2151 605 2218 utrique
624 2151 719 2203 abbati
737 2150 868 2219 precepit,
888 2155 919 2202 ut
938 2168 1027 2218 nequo
1045 2169 1095 2219 per
1113 2169 1141 2205 se
1160 2151 1232 2219 ipsos
1250 2168 1339 2218 neque
1358 2168 1408 2218 per

290 2219 421 2274 nuncium
439 2238 528 2289 neque
547 2221 600 2273 alio
620 2222 715 2289 quovis
734 2222 816 2274 modo
835 2239 885 2290 pro
906 2222 1088 2274 insimulanda
1107 2222 1209 2290 synodo
1229 2222 1407 2290 apostolicam
1418 2239 1444 2276 ss

290 2291 382 2345 sedem
401 2291 617 2360 interpellarent.

169 2385 280 2433 raphao.
398 2369 554 2424 *Milites
571 2371 670 2440 regis
689 2371 734 2439 qui
752 2372 780 2424 in
798 2372 915 2424 castellis
931 2371 1183 2440 supramemoratis
1197 2371 1501 2440 cantgraviteruar.

289 2442 371 2494 nimis
396 2442 578 2495 imminebant
602 2443 705 2510 populo
731 2441 868 2496 Saxoniae
893 2447 922 2496 et
940 2442 1117 2512 Thuringise.
1161 2441 1260 2496 Omnia
1285 2460 1354 2510 quae
1379 2443 1407 2495 in

290 2513 362 2565 villis
387 2517 415 2566 et
441 2511 513 2582 agris
539 2520 617 2566 erant
641 2511 669 2565 in
695 2513 753 2566 dies
778 2514 921 2582 eruptione
947 2513 1021 2566 facta
1046 2513 1225 2582 diripiebant,
1251 2513 1355 2566 tributa
1381 2517 1409 2566 et

290 2583 438 2652 vectigalia
455 2584 585 2636 silvarum
604 2587 632 2637 et
650 2601 809 2652 oaniporum
830 2584 1016 2652 importabilia
1034 2584 1183 2652 exigebant
1201 2588 1230 2638 et
1247 2585 1444 2652 plerumqueso

290 2655 340 2706 sub
368 2657 497 2722 pretextu
520 2654 687 2707 decimarum
716 2660 787 2707 totos
815 2656 895 2708 simul
919 2671 1017 2724 greges
1042 2655 1200 2724 abigebant.
1243 2653 1321 2722 Ipsos
1346 2671 1407 2722 pro·

292 2725 421 2778 vinciales
449 2731 477 2777 et
503 2726 647 2793 plerosque
675 2742 710 2778 ex
736 2724 778 2778 his
805 2725 919 2779 honesto
950 2723 1032 2780 Ιοιοθ1
1058 2730 1138 2778 natos
1167 2730 1195 2779 et
1220 2743 1249 2779 re
1280 2725 1407 2777 familiari

289 2794 494 2848 florentissimos
512 2795 609 2848 vilium
627 2795 827 2864 mancipiorum
846 2797 902 2849 ritu
925 2796 1045 2850 servire⁰
1069 2796 1120 2849 sibi
1143 2797 1286 2866 cogebant.
1324 2795 1408 2848 Filias

291 2884 385 2918 eorum
399 2869 427 2919 et
439 2882 538 2918 uxores
556 2866 670 2919 consciis
688 2871 717 2920 et
735 2869 805 2935 pene
824 2867 1018 2935 aspicientibus
1036 2867 1141 2919 maritis
1154 2867 1302 2920 violabant
1333 2865 1408 2919 Non·

290 2934 399 2989 nullasr
425 2936 507 2990 etiam
535 2937 563 2990 vi
588 2937 616 2989 in
642 2938 753 2990 castella
781 2955 829 2990 sua
856 2942 948 3005 raptas
976 2941 1016 3002 et,
1042 2941 1144 3006 quanto
1171 2941 1296 3005 tempore
1322 2937 1408 2990 libido
1419 2953 1445 2992 su

291 3007 481 3076 suggessisset,
509 3007 722 3075 impudicissime
747 3008 854 3061 habitas
882 3008 916 3060 ad
945 3008 1072 3060 ultimum
1101 3008 1207 3062 maritis
1237 3027 1298 3061 cum
1329 3008 1407 3076 igno·

290 3079 431 3131 miniosass
454 3078 666 3146 exprobratione
684 3079 870 3133 remittebant.

397 3156 472 3210 Rex
500 3174 575 3210 cum
602 3161 809 3211 moraretur
836 3157 1046 3222 Goslariae‚
1078 3157 1239 3212 Saxones
1270 3158 1305 3210 ad
1333 3175 1408 3210 ιιιιιιιι

169 3246 227 3293 rap.
237 3245 281 3286 iss.
291 3230 499 3295 conclamant,
513 3229 611 3281 armati
624 3228 803 3296 instructique
813 3227 966 3282 Goslariam
980 3229 1158 3297 contendunt,
1171 3229 1264 3297 ibique
1276 3228 1407 3281 mediocri
1520 3281 1524 3288 ,

291 3317 307 3352 a
334 3300 400 3352 villa
427 3299 573 3352 intervallo
602 3303 691 3352 castra
718 3300 825 3367 locant3
853 3299 999 3368 statimque
1027 3299 1141 3353 efferato
1169 3301 1260 3352 animo
1289 3299 1318 3351 in
1345 3315 1445 3353 eumen

291 3371 432 3424 irruissent
454 3373 483 3424 et
505 3370 547 3422 ius
565 3387 643 3422 suurn
666 3387 721 3423 non
741 3370 795 3422 iam
820 3369 964 3423 rethoricis
987 3370 1205 3439 allegationibus,
1231 3369 1279 3423 sed
1304 3369 1409 3423 bellicis

291 3442 440 3495 temombus
453 3441 677 3509 expostulassent,
690 3441 741 3492 nisi
754 3439 847 3494 Bucco
860 3439 1116 3494 Halberststensish
1133 3441 1276 3508 episcopus
1288 3444 1316 3492 et
1328 3440 1408 3508 pauci

291 3513 439 3565 admodum
464 3512 513 3580 qui
530 3529 625 3564 sanum
652 3511 755 3579 aliquid
773 3511 917 3580 sapiebant
939 3513 1071 3579 impetum
1095 3511 1286 3564 tumidtuantis
1311 3511 1409 3563 turbae

291 3583 393 3635 salubri
411 3582 600 3635 moderatione
623 3582 811 3637 inhibuissent.
849 3581 910 3636 Rex
929 3588 1042 3651 accepto
1068 3582 1168 3635 nuncio
1192 3581 1275 3634 vicini
1301 3581 1409 3649 iamque

291 3652 415 3704 instantis
438 3652 555 3720 periculi
577 3651 699 3721 graviter
720 3657 814 3706 mente
837 3657 1025 3706 consternatus
1050 3669 1167 3720 propere
1192 3651 1219 3705 in
1238 3651 1446 3707 llartesburcss

291 3739 319 3775 sc
343 3721 459 3775 contulit
481 3739 568 3789 eoque
587 3739 678 3776 secum
691 3724 770 3792 regni
783 3723 900 3792 insignia
913 3729 941 3776 et
953 3723 1142 3777 thesaurortun
1155 3740 1265 3776 suorum
1279 3727 1408 3791 quantam

169 3793 318 3858 sapienia
338 3810 372 3846 ea
390 3792 573 3860 trepidatione
592 3794 683 3860 potuit
708 3799 814 3861 partem
840 3794 975 3848 convexit.
1020 3793 1182 3848 Saxones
1206 3811 1289 3847 vero
1316 3809 1410 3846 ornnes

291 3863 356 3930 vias,
376 3880 425 3930 per
443 3881 510 3931 quas
528 3862 671 3916 descensus
690 3881 747 3917 esse
765 3869 873 3932 poterat
893 3864 926 3919 de
949 3865 1069 3934 castello,
1097 3864 1226 3917 adhibitis
1251 3863 1410 3916 custodibus

291 3934 430 3988 observari
449 3937 609 4002 statuerunt,
629 3951 734 3988 summa
753 3952 805 4003 ope
824 3935 852 3988 id
877 3935 1080 4003 precavendum
1106 3935 1271 4000 estimantes,
1296 3951 1331 3987 ne
1356 3951 1410 4002 qua

291 4005 316 4058 ei
336 4005 415 4072 copia
433 4004 512 4058 fieret
531 4003 681 4074 effugiendi
700 4010 728 4059 et
750 4005 778 4058 in
802 4006 869 4058 alias
887 4006 965 4074 regni
983 4010 1075 4074 partes
1094 4005 1197 4058 bellum
1219 4004 1408 4059 transferendi.
1419 4023 1446 4060 uo

290 4220 312 4265 a)
327 4219 349 4254 bs
363 4217 409 4256 loco
425 4228 483 4259 ruso.
551 4215 573 4266 b)
588 4217 618 4254 ele
632 4227 650 4254 c.
714 4215 734 4266 c)
745 4221 796 4265 post
811 4217 866 4256 hunt
881 4227 1007 4260 coxerusu.
1071 4218 1093 4268 d)
1108 4217 1174 4268 locos,
1190 4230 1200 4258 s
1215 4227 1286 4257 eraso.
1352 4217 1373 4264 e)
1387 4217 1409 4255 ln

291 4281 363 4316 usurp.
374 4271 445 4318 suppl.
509 4271 526 4316 0
543 4271 615 4308 Noun.
631 4291 656 4297 —
670 4270 757 4308 marltls
772 4281 821 4308 eum
837 4271 859 4308 bs
873 4271 919 4310 ioco
934 4281 991 4313 ruso.
1058 4271 1082 4320 g]
1097 4272 1140 4319 ign.
1156 4282 1219 4320 supr,
1234 4281 1288 4313 rem.
1302 4272 1325 4308 ιιι
1340 4282 1411 4318 aarum.

289 4323 360 4369 suippl.
415 4321 438 4372 h)
453 4312 536 4362 halust‘
552 4333 570 4364 c.
