3232 4856
568 337 736 394 ORONIOA
753 338 887 396 MINOR.
1234 346 1286 402 503

171 518 407 587 continuatione
429 543 468 587 ec
490 521 636 587 Martini
664 521 824 587 Chronico
847 523 1004 605 descripta
1026 524 1170 590 continet.
1209 525 1287 591 Pro-

171 609 261 690 topus
283 610 417 676 omissus
439 618 485 676 est
506 617 625 692 etpost
645 609 776 675 iuitirnn
804 609 958 676 Granicus
980 611 1125 678 Minoris
1146 614 1288 696 sequitur

164 695 331 778 particula
353 721 391 764 ea
413 699 557 765 Martini
577 698 785 781 Oppauiensns
806 699 965 766 Chronico
988 707 1121 782 sumpta,
1144 710 1288 785 sequente

164 792 260 868 parte
289 786 443 854 (tronione
465 787 610 853 Minoris
632 787 758 869 omissa,
786 809 867 869 puae
889 791 1012 854 dorm
1035 792 1075 855 ab
1098 812 1185 856 anno
1206 791 1287 857 uati-

139 899 153 940 1
170 874 280 940 intutis
290 876 426 942 Domini
436 877 648 958 transscripta
662 882 716 942 cst.
750 876 898 942 Omnium
913 897 990 959 quos
1004 899 1145 960 unquarn
1161 879 1221 962 tepi
1236 880 1288 946 nu

171 965 266 1030 codsa
280 966 537 1031 mendosissimus
552 972 604 1047 est,
628 965 744 1029 rnuttae
766 965 938 1032 sententiae
959 965 1007 1032 ita
1025 974 1099 1032 sunt
1113 975 1286 1050 corruptae,

170 1059 206 1118 ut
227 1074 317 1118 nemo
339 1055 396 1120 tac
417 1054 482 1120 solo
505 1054 586 1119 titre
607 1075 685 1118 usus
706 1053 884 1137 inteltepere
900 1062 1008 1136 posset
1028 1075 1108 1137 puae
1128 1057 1286 1139 dicuntur,

166 1144 328 1224 permulta
356 1145 451 1209 uerba
479 1143 528 1208 ita
557 1145 740 1225 marato,
770 1149 807 1208 ut
833 1164 873 1208 uo
902 1144 1130 1226 capacissimus
1163 1146 1288 1227 quidem

171 1251 209 1295 ea
225 1231 404 1298 coniectura
419 1233 585 1297 enrendare
602 1238 717 1314 posset.
750 1230 900 1298 Attocnen
915 1232 967 1298 tic
982 1233 1062 1298 tiber
1077 1255 1142 1300 non
1158 1235 1288 1316 penitus

127 1346 154 1386 ιο
169 1319 379 1402 ueptepeudus
408 1327 484 1402 erat,
515 1320 571 1402 qui
599 1342 692 1402 saepe
714 1320 804 1402 facit,
835 1328 871 1386 ut
892 1321 1036 1387 lectiones
1059 1321 1154 1388 tonius
1177 1323 1288 1389 dussis

172 1409 314 1490 capnosci
331 1410 466 1492 possint,
489 1409 545 1474 ubi
566 1408 636 1473 Be
660 1411 707 1473 cet
729 1409 798 1474 B3
823 1409 937 1474 uitiosa
959 1411 1082 1476 habeut.

277 1498 311 1563 B
327 1495 358 1580 3)
393 1497 520 1581 sipnaoi
555 1497 688 1563 codicem
717 1498 852 1563 Pistorii
885 1499 1088 1581 deperditum,
1123 1500 1179 1582 qui
1213 1500 1287 1566 alirn

170 1587 358 1652 monasterii
381 1587 416 1651 S.
433 1586 564 1669 Aspidii
586 1585 845 1669 Brunsrncensis,
871 1587 1007 1653 Pistorii
1030 1595 1164 1670 ternpore
1186 1589 1286 1655 Hein-

170 1675 233 1741 rici
248 1675 369 1740 Petreii
391 1676 463 1756 fuit,
488 1677 528 1741 ab
550 1675 606 1740 itta
626 1675 864 1756 Sceptrorum
883 1676 1035 1742 (tamon.
1059 1673 1288 1758 (Francofurti

135 1765 314 1848 111583)Ι,
325 1770 552 1846 pros-752
566 1762 669 1844 (eus.
682 1765 995 1846 accensendos,
1006 1769 1286 1852 p.1057—1113)

170 1854 307 1934 edituum
333 1853 388 1934 qui
410 1855 490 1919 duas
512 1852 618 1918 titulos
640 1851 714 1918 tuic
736 1854 824 1935 operi
845 1853 974 1918 indidit.
1020 1855 1105 1920 Ante
1120 1856 1288 1938 protoprnn

170 1943 258 2024 apud
279 1964 349 2007 mm
372 1942 504 2026 iepitur:
528 1942 724 2007 Chronicon
747 1947 946 2028 excerptum
968 1945 1011 2009 de
1027 1945 1169 2009 diversis
1193 1946 1287 2010 chro-

171 2033 257 2097 nicis
292 2053 503 2097 summorum
537 2032 741 2115 pontificum
775 2035 810 2097 et
844 2033 1090 2116 imperatorum
1120 2039 1185 2114 etc,
1215 2039 1289 2114 past

164 2121 331 2203 protapurn
347 2121 555 2205 Gompilatio
571 2120 824 2204 chronologica,
848 2140 908 2202 quo
924 2121 1012 2186 tituto
1027 2121 1121 2186 etiarn
1143 2122 1288 2204 sinputae

135 2235 162 2274 1ο
165 2209 309 2290 papinus
320 2209 466 2290 sipnctae
478 2215 560 2273 sunt.
585 2209 630 2273 In
641 2209 697 2273 tac
708 2209 811 2274 codice
822 2209 943 2291 aliquot
952 2209 1020 2290 toci,
1031 2215 1222 2292 praetereas
1233 2210 1288 2292 qui

171 2297 267 2362 etiarn
290 2297 328 2362 in
350 2299 437 2363 codd·
456 2297 580 2362 Bw
602 2299 723 2378 desunt,
748 2297 857 2362 ornusi
878 2305 980 2363 erant.
1015 2299 1093 2363 Post
1119 2298 1289 2365 (ironicam

171 2384 335 2451 Mincrern
350 2385 544 2451 recensionis
560 2385 641 2451 anni
659 2392 754 2450 1265.
774 2386 914 2467 sequitur
934 2387 1137 2452 Continuatia
1155 2410 1186 2452 a.
1203 2394 1287 2453 1270

171 2481 314 2548 -1300,
346 2474 436 2538 nobis
465 2474 606 2556 septima,
636 2480 702 2539 turn
724 2474 870 2539 Annales
895 2475 1082 2541 monasterii
1106 2477 1140 2541 S.
1156 2477 1289 2558 Aepidii

171 2561 420 2628 Bruusoiceusis
453 2584 484 2627 a.
510 2568 744 2627 1303—1474.
779 2562 938 2629 actiuncti
970 2571 1053 2629 sunt.
1099 2565 1171 2630 Hos
1203 2565 1288 2630 enirn

137 2652 296 2717 udemurn
318 2653 358 2716 ab
382 2673 412 2714 a.
429 2656 524 2715 1303.
547 2650 687 2731 incipere
702 2671 740 2716 ec
755 2671 789 2715 cc
803 2650 872 2715 iarn
887 2672 1067 2734 copncsccre
1083 2660 1181 2734 potes,
1205 2655 1289 2735 quod

172 2741 213 2804 ab
242 2740 299 2804 tac
327 2740 392 2804 loco
415 2745 490 2821 post
517 2739 781 2804 narratiunculas
811 2740 998 2821 copiosiores
1027 2741 1229 2807 breuissim
1260 2749 1290 2808 et

172 2827 376 2893 tenuissimae
398 2827 530 2893 notitiae
552 2827 689 2909 scriptae
711 2827 785 2908 sint,
808 2828 945 2894 munina
967 2851 1040 2895 uero
1062 2851 1101 2895 ecc
1123 2852 1157 2896 eo
1173 2833 1287 2912 proba

173 2923 233 2998 tur,
257 2918 431 2999 quodcum
452 2915 560 2981 inuitis
583 2915 659 2981 tacis
686 2915 840 3000 Oronicac
863 2917 1008 2983 Minoris
1031 2919 1187 3002 tonpiores
1209 2921 1287 2986 reta-

172 3004 271 3070 tiones
300 3027 331 3068 a.
358 3011 453 3069 1294.
481 3011 575 3070 1298.
603 3011 697 3069 1300.
726 3005 983 3072 Continuatiouis
1008 3009 1157 3090 septirnae
1179 3015 1289 3074 auctor

137 3123 163 3164 so
179 3093 332 3159 Orouicae
365 3093 744 3159 Reinhardsbrunneusis
754 3095 774 3176 ¹,
809 3115 848 3160 eu
884 3096 1082 3178 sequentibus
1115 3098 1288 3162 annalibus

172 3182 256 3247 nitit
271 3182 491 3265 exscripserit·
506 3182 597 3248 cuius
611 3183 747 3248 codicem
755 3183 940 3266 proximum
951 3185 1052 3265 fuisse
1067 3185 1141 3250 nuic
1152 3185 1288 3250 Pistorii

171 3271 267 3337 etiarn
294 3291 332 3336 en
359 3293 393 3336 ec
417 3271 583 3354 perspicis
613 3273 697 3354 quad
717 3273 888 3339 monachus
910 3274 1288 3339 Rcinhardsbrunnensis

172 3360 267 3425 etiarn
305 3360 554 3426 additunentunc
588 3384 619 3426 a.
648 3367 741 3426 1154.
776 3361 871 3427 huius
910 3363 1022 3428 dussis
1056 3361 1286 3444 decerpserat.
1355 3397 1359 3404 ·

171 3450 270 3515 Hunc
295 3447 571 3515 Continuaticnern
593 3449 786 3531 septimaru³‚
811 3450 915 3516 nescio
937 3473 997 3534 quo
1020 3452 1085 3516 icco
1106 3451 1286 3532 scriptam,

135 3675 243 3732 stmice
267 3676 462 3742 (Tschcctuca).
499 3676 571 3729 Huic
591 3677 754 3743 praecedunt
778 3681 799 3742 t.
818 3680 946 3733 8¹-20‘2
973 3675 1076 3746 Incipit
1101 3677 1216 3731 Gronica
1234 3677 1287 3732 Mi·

170 3746 265 3801 chesdi
272 3746 301 3816 (l)
319 3746 439 3816 episcopi
454 3745 677 3816 Cremonensis&
694 3750 812 3800 1111111111
830 3747 865 3800 de
883 3748 1004 3802 materiis
1022 3748 1108 3802 biblis
1126 3753 1155 3802 et
1173 3749 1287 3802 aliarum
1384 3773 1385 3776 ¹

170 3817 355 3873 historiarum.
382 3817 458 3872 Obiit
476 3817 505 3870 in
523 3834 616 3871 mense
628 3817 703 3870 Iunii
721 3833 792 3871 anno
805 3818 916 3871 Domini
927 3817 1156 3944 M⁰OGOXV⁰Q
1179 3819 1287 3874 6111111-

172 3888 222 3942 dus
247 3889 276 3942 in
302 3888 377 3943 corifi
395 3889 510 3958 suamss)
532 3887 611 3943 dicit:
640 3887 721 3958 Quod
739 3905 810 3942 anno
828 3889 948 3958 Augusti
967 3889 1111 3944 Octaviani
1158 3889 1288 3945 ⁰defecit

170 3959 345 4028 pontificatus
363 3958 513 4013 Iudeorum
532 3967 576 4014 etc.
612 3961 750 4026 Eacuptc
774 3977 807 4013 ecc
827 3963 1018 4030 prioreparte
1035 3962 1163 4014 chronici
1180 3962 1289 4015 Sicardt

135 4031 354 4086 caOrcmonsnsis
378 4032 480 4084 nultius
500 4033 593 4098 pretii.
613 4059 645 4069 -
666 4031 710 4094 Of,
730 4032 760 4083 dc
779 4031 827 4083 nce
850 4033 933 4086 codice
952 4033 1075 4085 ‘Archiv'
1088 4033 1123 4100 X,
1139 4051 1169 4100 p.
1184 4035 1237 4089 665
1248 4051 1286 4102 tp.

172 4104 199 4170 1)
226 4103 273 4158 SS.
293 4102 387 4170 XXX,
410 4120 439 4171 p.
458 4105 519 4158 639.
539 4103 590 4158 641
607 4117 645 4168 ep.
682 4101 729 4154 Eu·
755 4118 810 4169 quo
833 4101 948 4155 Orontea
973 4106 1102 4157 contuitio
1128 4121 1146 4156 α
1170 4105 1288 4158 Pr'etcrtc

170 4175 269 4227 omissa
295 4175 419 4242 suppleri
445 4180 467 4225 ct
491 4173 588 4225 menda
616 4173 673 4224 cius
698 4175 801 4240 corripi
821 4180 974 4242 potuerunt.
1059 4177 1088 4242 2)
1115 4176 1155 4230 It.
1176 4193 1206 4242 p.
1226 4179 1285 4233 536.

171 4245 199 4311 3)
215 4245 257 4297 Ac
269 4259 323 4298 unc
336 4251 442 4297 auctore
459 4245 529 4296 tanc
541 4245 716 4312 cancriptam
733 4252 757 4297 et
770 4252 832 4312 poet
851 4248 964 4302 111288.
984 4248 1115 4314 inceptum
1127 4263 1285 4315 1111111111,

171 4317 218 4382 qui
238 4316 374 4383 pontificu
399 4331 425 4368 a.
444 4317 629 4372 1277-1288.
653 4316 740 4368 suctos
765 4332 819 4370 unc
844 4321 932 4370 tenore
956 4320 1122 4374 recucsnortt.
1202 4321 1231 4388 4)
1252 4320 1286 4372 In
