<?xml version="1.0" encoding="UTF-8"?>
<!DOCTYPE html PUBLIC "-//W3C//DTD XHTML 1.0 Transitional//EN"
    "http://www.w3.org/TR/xhtml1/DTD/xhtml1-transitional.dtd">
<html xmlns="http://www.w3.org/1999/xhtml" xml:lang="en" lang="en">
 <head>
  <title>
</title>
<meta http-equiv="Content-Type" content="text/html;charset=utf-8" />
  <meta name='ocr-system' content='tesseract 3.04.00' />
  <meta name='ocr-capabilities' content='ocr_page ocr_carea ocr_par ocr_line ocrx_word'/>
</head>
<body>
  <div class='ocr_page' id='page_1' title='image "./monumentaerphes01monagoog_0499.png"; bbox 0 0 3232 4856; ppageno 0'>
   <div class='ocr_carea' id='block_1_1' title="bbox 572 345 1290 404">
    <p class='ocr_par' dir='ltr' id='par_1_1' title="bbox 572 345 1290 404">
     <span class='ocr_line' id='line_1_1' title="bbox 572 345 1290 404; baseline 0.006 -4"><span class='ocrx_word' id='word_1_1' title='bbox 572 345 738 401; x_wconf 79' lang='lat' dir='ltr'>ORONIGA</span> <span class='ocrx_word' id='word_1_2' title='bbox 756 345 890 403; x_wconf 81' lang='lat' dir='ltr'>MINOR.</span> <span class='ocrx_word' id='word_1_3' title='bbox 1236 349 1290 404; x_wconf 87' lang='grc'><em>489</em></span> 
     </span>
    </p>
   </div>
   <div class='ocr_carea' id='block_1_2' title="bbox 139 529 1290 3184">
    <p class='ocr_par' dir='ltr' id='par_1_2' title="bbox 139 529 1290 3184">
     <span class='ocr_line' id='line_1_2' title="bbox 175 529 1290 614; baseline -0.001 -18"><span class='ocrx_word' id='word_1_4' title='bbox 175 553 254 612; x_wconf 90' lang='lat' dir='ltr'><em>mus,</em></span> <span class='ocrx_word' id='word_1_5' title='bbox 285 553 350 596; x_wconf 93' lang='lat' dir='ltr'><em>non</em></span> <span class='ocrx_word' id='word_1_6' title='bbox 378 532 534 612; x_wconf 81' lang='lat' dir='ltr'><em>labemus,</em></span> <span class='ocrx_word' id='word_1_7' title='bbox 565 529 660 596; x_wconf 89' lang='lat' dir='ltr'><em>immo</em></span> <span class='ocrx_word' id='word_1_8' title='bbox 689 529 832 614; x_wconf 79' lang='lat' dir='ltr'><em>linquam</em></span> <span class='ocrx_word' id='word_1_9' title='bbox 862 530 1017 596; x_wconf 77' lang='lat' dir='ltr'><em>Latinam</em></span> <span class='ocrx_word' id='word_1_10' title='bbox 1048 537 1083 596; x_wconf 94' lang='lat' dir='ltr'><em>ut</em></span> <span class='ocrx_word' id='word_1_11' title='bbox 1109 531 1290 597; x_wconf 83' lang='lat' dir='ltr'><em>Germanus</em></span> 
     </span>
     <span class='ocr_line' id='line_1_3' title="bbox 169 619 1289 704; baseline -0.001 -19"><span class='ocrx_word' id='word_1_12' title='bbox 169 641 291 704; x_wconf 90' lang='lat' dir='ltr'><em>parum</em></span> <span class='ocrx_word' id='word_1_13' title='bbox 320 621 429 701; x_wconf 80' lang='lat' dir='ltr'><em>mellus,</em></span> <span class='ocrx_word' id='word_1_14' title='bbox 459 641 524 685; x_wconf 92' lang='lat' dir='ltr'><em>non</em></span> <span class='ocrx_word' id='word_1_15' title='bbox 551 625 588 684; x_wconf 88' lang='lat' dir='ltr'><em>ut</em></span> <span class='ocrx_word' id='word_1_16' title='bbox 613 620 726 700; x_wconf 87' lang='lat' dir='ltr'><em>Italus,</em></span> <span class='ocrx_word' id='word_1_17' title='bbox 758 619 894 701; x_wconf 82' lang='lat' dir='ltr'><em>scripsit.</em></span> <span class='ocrx_word' id='word_1_18' title='bbox 942 621 1051 701; x_wconf 86' lang='lat' dir='ltr'><em>Neque</em></span> <span class='ocrx_word' id='word_1_19' title='bbox 1080 619 1176 684; x_wconf 86' lang='lat' dir='ltr'><em>etiam</em></span> <span class='ocrx_word' id='word_1_20' title='bbox 1203 619 1289 684; x_wconf 90' lang='lat' dir='ltr'><em>inter</em></span> 
     </span>
     <span class='ocr_line' id='line_1_4' title="bbox 175 708 1289 790; baseline -0.002 -16"><span class='ocrx_word' id='word_1_21' title='bbox 175 710 296 790; x_wconf 83' lang='lat' dir='ltr'><em>fratres</em></span> <span class='ocrx_word' id='word_1_22' title='bbox 325 709 481 790; x_wconf 75' lang='lat' dir='ltr'><em>Minores,</em></span> <span class='ocrx_word' id='word_1_23' title='bbox 517 709 572 790; x_wconf 89' lang='lat' dir='ltr'><em>qui</em></span> <span class='ocrx_word' id='word_1_24' title='bbox 601 731 632 773; x_wconf 92' lang='lat' dir='ltr'><em>a.</em></span> <span class='ocrx_word' id='word_1_25' title='bbox 659 713 754 771; x_wconf 84' lang='grc'><strong>1224.</strong></span> <span class='ocrx_word' id='word_1_26' title='bbox 789 729 858 773; x_wconf 91' lang='lat' dir='ltr'><em>aum</em></span> <span class='ocrx_word' id='word_1_27' title='bbox 893 709 1036 774; x_wconf 90' lang='lat' dir='ltr'><em>Iordano</em></span> <span class='ocrx_word' id='word_1_28' title='bbox 1069 708 1289 790; x_wconf 78' lang='lat' dir='ltr'><em>Erptardiam</em></span> 
     </span>
     <span class='ocr_line' id='line_1_5' title="bbox 175 796 1289 880; baseline 0 -18"><span class='ocrx_word' id='word_1_29' title='bbox 175 804 339 880; x_wconf 85' lang='lat' dir='ltr'><em>venerunt,</em></span> <span class='ocrx_word' id='word_1_30' title='bbox 371 805 502 879; x_wconf 87' lang='lat' dir='ltr'><em>praeter</em></span> <span class='ocrx_word' id='word_1_31' title='bbox 533 796 639 879; x_wconf 89' lang='lat' dir='ltr'><em>ipsum</em></span> <span class='ocrx_word' id='word_1_32' title='bbox 668 797 846 863; x_wconf 88' lang='lat' dir='ltr'><em>Iordanum</em></span> <span class='ocrx_word' id='word_1_33' title='bbox 877 798 957 863; x_wconf 89' lang='lat' dir='ltr'><em>Itali</em></span> <span class='ocrx_word' id='word_1_34' title='bbox 989 798 1088 878; x_wconf 83' lang='lat' dir='ltr'><em>fuere.</em></span> <span class='ocrx_word' id='word_1_35' title='bbox 1140 796 1289 862; x_wconf 74' lang='lat' dir='ltr'><strong><em>Conicere</em></strong></span> 
     </span>
     <span class='ocr_line' id='line_1_6' title="bbox 153 885 1289 969; baseline 0.002 -23"><span class='ocrx_word' id='word_1_36' title='bbox 153 893 260 969; x_wconf 85' lang='lat' dir='ltr'><em>spotes</em></span> <span class='ocrx_word' id='word_1_37' title='bbox 297 893 453 952; x_wconf 74' lang='lat' dir='ltr'><strong><em>auctorem</em></strong></span> <span class='ocrx_word' id='word_1_38' title='bbox 497 886 535 951; x_wconf 90' lang='lat' dir='ltr'><em>iu</em></span> <span class='ocrx_word' id='word_1_39' title='bbox 576 885 712 968; x_wconf 81' lang='lat' dir='ltr'><em>capitula</em></span> <span class='ocrx_word' id='word_1_40' title='bbox 752 885 896 968; x_wconf 83' lang='lat' dir='ltr'><em>qenerali</em></span> <span class='ocrx_word' id='word_1_41' title='bbox 940 886 1081 965; x_wconf 78' lang='lat' dir='ltr'><em>fratrum</em></span> <span class='ocrx_word' id='word_1_42' title='bbox 1118 885 1289 951; x_wconf 87' lang='lat' dir='ltr'><em>Minorum</em></span> 
     </span>
     <span class='ocr_line' id='line_1_7' title="bbox 177 973 1286 1057; baseline -0.003 -17"><span class='ocrx_word' id='word_1_43' title='bbox 177 997 207 1040; x_wconf 90' lang='lat' dir='ltr'><em>a.</em></span> <span class='ocrx_word' id='word_1_44' title='bbox 228 981 322 1040; x_wconf 86' lang='grc'><strong>1256.</strong></span> <span class='ocrx_word' id='word_1_45' title='bbox 345 975 383 1040; x_wconf 91' lang='lat' dir='ltr'><em>iu</em></span> <span class='ocrx_word' id='word_1_46' title='bbox 405 974 536 1040; x_wconf 88' lang='lat' dir='ltr'><em>ecclesia</em></span> <span class='ocrx_word' id='word_1_47' title='bbox 558 973 712 1040; x_wconf 75' lang='lat' dir='ltr'><em>Aracaeli</em></span> <span class='ocrx_word' id='word_1_48' title='bbox 735 975 893 1054; x_wconf 85' lang='lat' dir='ltr'><em>celebrato,</em></span> <span class='ocrx_word' id='word_1_49' title='bbox 918 977 956 1040; x_wconf 90' lang='lat' dir='ltr'><em>de</em></span> <span class='ocrx_word' id='word_1_50' title='bbox 977 996 1039 1057; x_wconf 88' lang='lat' dir='ltr'><em>quo</em></span> <span class='ocrx_word' id='word_1_51' title='bbox 1060 974 1128 1057; x_wconf 87' lang='lat' dir='ltr'><em>ipse</em></span> <span class='ocrx_word' id='word_1_52' title='bbox 1150 974 1258 1039; x_wconf 88' lang='lat' dir='ltr'><em>retulit</em></span> <span class='ocrx_word' id='word_1_53' title='bbox 1267 975 1286 1054; x_wconf 85' lang='lat'><em>¹,</em></span> 
     </span>
     <span class='ocr_line' id='line_1_8' title="bbox 176 1063 1289 1146; baseline -0.002 -17"><span class='ocrx_word' id='word_1_54' title='bbox 176 1063 296 1129; x_wconf 85' lang='lat' dir='ltr'><em>Rornae</em></span> <span class='ocrx_word' id='word_1_55' title='bbox 322 1064 475 1144; x_wconf 76' lang='lat' dir='ltr'><em>adfuisse.</em></span> <span class='ocrx_word' id='word_1_56' title='bbox 522 1063 658 1129; x_wconf 80' lang='lat' dir='ltr'><em>Fratres</em></span> <span class='ocrx_word' id='word_1_57' title='bbox 681 1063 830 1128; x_wconf 81' lang='lat' dir='ltr'><em>Minores</em></span> <span class='ocrx_word' id='word_1_58' title='bbox 858 1083 932 1128; x_wconf 86' lang='lat' dir='ltr'><em>sero</em></span> <span class='ocrx_word' id='word_1_59' title='bbox 960 1064 1055 1129; x_wconf 89' lang='lat' dir='ltr'><em>etiam</em></span> <span class='ocrx_word' id='word_1_60' title='bbox 1079 1070 1209 1146; x_wconf 86' lang='lat' dir='ltr'><em>propter</em></span> <span class='ocrx_word' id='word_1_61' title='bbox 1239 1084 1289 1127; x_wconf 89' lang='lat' dir='ltr'><em>ne-</em></span> 
     </span>
     <span class='ocr_line' id='line_1_9' title="bbox 174 1151 1289 1234; baseline -0.001 -17"><span class='ocrx_word' id='word_1_62' title='bbox 174 1152 262 1234; x_wconf 83' lang='lat' dir='ltr'><em>qotia</em></span> <span class='ocrx_word' id='word_1_63' title='bbox 284 1153 408 1218; x_wconf 89' lang='lat' dir='ltr'><em>ordinis</em></span> <span class='ocrx_word' id='word_1_64' title='bbox 430 1153 482 1218; x_wconf 90' lang='lat' dir='ltr'><em>sui</em></span> <span class='ocrx_word' id='word_1_65' title='bbox 497 1151 757 1218; x_wconf 90' lang='lat' dir='ltr'><em>administranda</em></span> <span class='ocrx_word' id='word_1_66' title='bbox 780 1173 871 1234; x_wconf 85' lang='lat' dir='ltr'><em>saepe</em></span> <span class='ocrx_word' id='word_1_67' title='bbox 889 1173 950 1233; x_wconf 87' lang='lat' dir='ltr'><em>per</em></span> <span class='ocrx_word' id='word_1_68' title='bbox 965 1152 1152 1234; x_wconf 84' lang='lat' dir='ltr'><em>provincias</em></span> <span class='ocrx_word' id='word_1_69' title='bbox 1174 1158 1289 1216; x_wconf 89' lang='lat' dir='ltr'><em>terras·</em></span> 
     </span>
     <span class='ocr_line' id='line_1_10' title="bbox 175 1239 1288 1323; baseline -0.002 -17"><span class='ocrx_word' id='word_1_70' title='bbox 175 1262 234 1323; x_wconf 86' lang='lat' dir='ltr'><em>que</em></span> <span class='ocrx_word' id='word_1_71' title='bbox 266 1241 387 1322; x_wconf 87' lang='lat' dir='ltr'><em>missos,</em></span> <span class='ocrx_word' id='word_1_72' title='bbox 422 1263 513 1323; x_wconf 84' lang='lat' dir='ltr'><em>saepe</em></span> <span class='ocrx_word' id='word_1_73' title='bbox 542 1240 637 1306; x_wconf 88' lang='lat' dir='ltr'><em>etiam</em></span> <span class='ocrx_word' id='word_1_74' title='bbox 666 1241 704 1305; x_wconf 92' lang='lat' dir='ltr'><em>de</em></span> <span class='ocrx_word' id='word_1_75' title='bbox 733 1247 883 1306; x_wconf 85' lang='lat' dir='ltr'><em>conventu</em></span> <span class='ocrx_word' id='word_1_76' title='bbox 912 1239 949 1304; x_wconf 93' lang='lat' dir='ltr'><em>in</em></span> <span class='ocrx_word' id='word_1_77' title='bbox 978 1239 1077 1306; x_wconf 90' lang='lat' dir='ltr'><em>alium</em></span> <span class='ocrx_word' id='word_1_78' title='bbox 1108 1247 1288 1306; x_wconf 88' lang='lat' dir='ltr'><em>concentum</em></span> 
     </span>
     <span class='ocr_line' id='line_1_11' title="bbox 140 1329 1290 1411; baseline 0.003 -22"><span class='ocrx_word' id='word_1_79' title='bbox 140 1329 382 1411; x_wconf 88' lang='lat' dir='ltr'><em>10transpasitos</em></span> <span class='ocrx_word' id='word_1_80' title='bbox 415 1351 480 1395; x_wconf 89' lang='lat' dir='ltr'><em>esse</em></span> <span class='ocrx_word' id='word_1_81' title='bbox 516 1329 596 1394; x_wconf 90' lang='lat' dir='ltr'><em>satis</em></span> <span class='ocrx_word' id='word_1_82' title='bbox 630 1335 758 1410; x_wconf 78' lang='lat' dir='ltr'><em>cunstat,</em></span> <span class='ocrx_word' id='word_1_83' title='bbox 793 1335 885 1410; x_wconf 89' lang='lat' dir='ltr'><em>atque</em></span> <span class='ocrx_word' id='word_1_84' title='bbox 919 1329 1015 1394; x_wconf 89' lang='lat' dir='ltr'><em>etiam</em></span> <span class='ocrx_word' id='word_1_85' title='bbox 1047 1329 1152 1409; x_wconf 82' lang='lat' dir='ltr'><em>frater</em></span> <span class='ocrx_word' id='word_1_86' title='bbox 1184 1335 1290 1394; x_wconf 88' lang='lat' dir='ltr'><em>nostor</em></span> 
     </span>
     <span class='ocr_line' id='line_1_12' title="bbox 176 1417 1288 1500; baseline -0.002 -18"><span class='ocrx_word' id='word_1_87' title='bbox 176 1418 412 1499; x_wconf 74' lang='lat' dir='ltr'><em>Brpleordensis</em></span> <span class='ocrx_word' id='word_1_88' title='bbox 428 1425 559 1500; x_wconf 88' lang='lat' dir='ltr'><em>praeter</em></span> <span class='ocrx_word' id='word_1_89' title='bbox 584 1417 798 1499; x_wconf 71' lang='lat' dir='ltr'><em>Itinerinqiam</em></span> <span class='ocrx_word' id='word_1_90' title='bbox 822 1418 1014 1500; x_wconf 75' lang='lat' dir='ltr'><em>Italiamque</em></span> <span class='ocrx_word' id='word_1_91' title='bbox 1031 1438 1092 1499; x_wconf 86' lang='lat' dir='ltr'><em>per</em></span> <span class='ocrx_word' id='word_1_92' title='bbox 1115 1417 1198 1483; x_wconf 88' lang='lat' dir='ltr'><em>alias</em></span> <span class='ocrx_word' id='word_1_93' title='bbox 1215 1438 1288 1499; x_wconf 84' lang='lat' dir='ltr'><em>pro</em></span> 
     </span>
     <span class='ocr_line' id='line_1_13' title="bbox 175 1505 1289 1589; baseline -0.001 -18"><span class='ocrx_word' id='word_1_94' title='bbox 175 1507 300 1572; x_wconf 86' lang='lat' dir='ltr'><em>cincias</em></span> <span class='ocrx_word' id='word_1_95' title='bbox 328 1510 483 1589; x_wconf 81' lang='lat' dir='ltr'><em>miprasse</em></span> <span class='ocrx_word' id='word_1_96' title='bbox 511 1507 643 1572; x_wconf 86' lang='lat' dir='ltr'><em>uidetur.</em></span> <span class='ocrx_word' id='word_1_97' title='bbox 690 1507 735 1571; x_wconf 93' lang='lat' dir='ltr'><em>In</em></span> <span class='ocrx_word' id='word_1_98' title='bbox 762 1505 888 1572; x_wconf 85' lang='lat' dir='ltr'><em>civitate</em></span> <span class='ocrx_word' id='word_1_99' title='bbox 917 1506 1002 1572; x_wconf 90' lang='lat' dir='ltr'><em>enim</em></span> <span class='ocrx_word' id='word_1_100' title='bbox 1031 1505 1289 1588; x_wconf 82' lang='lat' dir='ltr'><em>Mersebnrqensi</em></span> 
     </span>
     <span class='ocr_line' id='line_1_14' title="bbox 176 1594 1289 1678; baseline -0.002 -18"><span class='ocrx_word' id='word_1_101' title='bbox 176 1595 303 1660; x_wconf 86' lang='lat' dir='ltr'><em>calicem</em></span> <span class='ocrx_word' id='word_1_102' title='bbox 312 1597 487 1678; x_wconf 86' lang='lat' dir='ltr'><em>pretiosum</em></span> <span class='ocrx_word' id='word_1_103' title='bbox 502 1597 542 1661; x_wconf 84' lang='lat' dir='ltr'><em>ab</em></span> <span class='ocrx_word' id='word_1_104' title='bbox 558 1594 715 1660; x_wconf 84' lang='lat' dir='ltr'><em>Heinrico</em></span> <span class='ocrx_word' id='word_1_105' title='bbox 731 1595 782 1658; x_wconf 85' lang='lat' dir='ltr'><em>II.</em></span> <span class='ocrx_word' id='word_1_106' title='bbox 806 1595 995 1678; x_wconf 75' lang='lat' dir='ltr'><em>imperatore</em></span> <span class='ocrx_word' id='word_1_107' title='bbox 1010 1595 1156 1660; x_wconf 77' lang='lat' dir='ltr'><em>ecstasim</em></span> <span class='ocrx_word' id='word_1_108' title='bbox 1170 1594 1289 1659; x_wconf 89' lang='lat' dir='ltr'><em>maiori</em></span> 
     </span>
     <span class='ocr_line' id='line_1_15' title="bbox 177 1682 1289 1766; baseline 0 -18"><span class='ocrx_word' id='word_1_109' title='bbox 177 1684 210 1748; x_wconf 77' lang='lat' dir='ltr'><em>S.</em></span> <span class='ocrx_word' id='word_1_110' title='bbox 235 1683 408 1749; x_wconf 87' lang='lat' dir='ltr'><em>Laurentii</em></span> <span class='ocrx_word' id='word_1_111' title='bbox 437 1685 587 1749; x_wconf 90' lang='lat' dir='ltr'><em>donatum</em></span> <span class='ocrx_word' id='word_1_112' title='bbox 615 1683 732 1749; x_wconf 83' lang='lat' dir='ltr'><em>uidisse</em></span> <span class='ocrx_word' id='word_1_113' title='bbox 761 1683 893 1766; x_wconf 80' lang='lat' dir='ltr'><em>ridetur,</em></span> <span class='ocrx_word' id='word_1_114' title='bbox 917 1705 1007 1765; x_wconf 91' lang='lat' dir='ltr'><em>quem</em></span> <span class='ocrx_word' id='word_1_115' title='bbox 1030 1685 1133 1748; x_wconf 81' lang='lat' dir='ltr'><em>adirem</em></span> <span class='ocrx_word' id='word_1_116' title='bbox 1155 1682 1201 1748; x_wconf 87' lang='lat' dir='ltr'><em>ibi</em></span> <span class='ocrx_word' id='word_1_117' title='bbox 1224 1703 1289 1748; x_wconf 87' lang='lat' dir='ltr'><em>esse</em></span> 
     </span>
     <span class='ocr_line' id='line_1_16' title="bbox 140 1772 1287 1855; baseline 0.002 -23"><span class='ocrx_word' id='word_1_118' title='bbox 140 1772 301 1838; x_wconf 75' lang='lat' dir='ltr'><em>adiuerit.</em></span> <span class='ocrx_word' id='word_1_119' title='bbox 348 1772 516 1854; x_wconf 79' lang='lat' dir='ltr'><em>Reliquias</em></span> <span class='ocrx_word' id='word_1_120' title='bbox 548 1795 564 1838; x_wconf 94' lang='lat' dir='ltr'><em>e</em></span> <span class='ocrx_word' id='word_1_121' title='bbox 593 1773 718 1838; x_wconf 88' lang='lat' dir='ltr'><em>civitate</em></span> <span class='ocrx_word' id='word_1_122' title='bbox 753 1772 1105 1855; x_wconf 77' lang='lat' dir='ltr'><em>Constantinopolitano</em></span> <span class='ocrx_word' id='word_1_123' title='bbox 1134 1794 1165 1836; x_wconf 90' lang='lat' dir='ltr'><em>a.</em></span> <span class='ocrx_word' id='word_1_124' title='bbox 1194 1777 1287 1836; x_wconf 79' lang='lat'>1204.</span> 
     </span>
     <span class='ocr_line' id='line_1_17' title="bbox 175 1860 1289 1946; baseline -0.003 -19"><span class='ocrx_word' id='word_1_125' title='bbox 175 1869 268 1944; x_wconf 87' lang='lat' dir='ltr'><em>capta</em></span> <span class='ocrx_word' id='word_1_126' title='bbox 290 1864 470 1944; x_wconf 89' lang='lat' dir='ltr'><em>deportatas</em></span> <span class='ocrx_word' id='word_1_127' title='bbox 492 1883 556 1926; x_wconf 90' lang='lat' dir='ltr'><em>esse</em></span> <span class='ocrx_word' id='word_1_128' title='bbox 579 1883 648 1926; x_wconf 91' lang='lat' dir='ltr'><em>cum</em></span> <span class='ocrx_word' id='word_1_129' title='bbox 670 1860 834 1942; x_wconf 85' lang='lat' dir='ltr'><em>retulisset,</em></span> <span class='ocrx_word' id='word_1_130' title='bbox 859 1861 1000 1927; x_wconf 81' lang='lat' dir='ltr'><em>addidit:</em></span> <span class='ocrx_word' id='word_1_131' title='bbox 1022 1866 1062 1926; x_wconf 80' lang='lat' dir='ltr'><em>ui</em></span> <span class='ocrx_word' id='word_1_132' title='bbox 1086 1864 1229 1946; x_wconf 75' lang='lat' dir='ltr'><em>apparel</em></span> <span class='ocrx_word' id='word_1_133' title='bbox 1252 1862 1289 1924; x_wconf 90' lang='lat' dir='ltr'><em>in</em></span> 
     </span>
     <span class='ocr_line' id='line_1_18' title="bbox 177 1949 1290 2016; baseline 0.002 -4"><span class='ocrx_word' id='word_1_134' title='bbox 177 1951 326 2016; x_wconf 84' lang='lat' dir='ltr'><em>Venecis</em></span> <span class='ocrx_word' id='word_1_135' title='bbox 349 1956 385 2016; x_wconf 74' lang='lat' dir='ltr'><em>et</em></span> <span class='ocrx_word' id='word_1_136' title='bbox 406 1953 442 2014; x_wconf 88' lang='lat' dir='ltr'><em>in</em></span> <span class='ocrx_word' id='word_1_137' title='bbox 458 1951 672 2016; x_wconf 74' lang='lat' dir='ltr'><em>Halberstat.</em></span> <span class='ocrx_word' id='word_1_138' title='bbox 714 1950 803 2016; x_wconf 84' lang='lat' dir='ltr'><em>Unde</em></span> <span class='ocrx_word' id='word_1_139' title='bbox 825 1972 895 2015; x_wconf 80' lang='lat' dir='ltr'><em>urm</em></span> <span class='ocrx_word' id='word_1_140' title='bbox 915 1951 974 2015; x_wconf 81' lang='lat' dir='ltr'><em>icas</em></span> <span class='ocrx_word' id='word_1_141' title='bbox 989 1949 1129 2016; x_wconf 86' lang='lat' dir='ltr'><em>civitates</em></span> <span class='ocrx_word' id='word_1_142' title='bbox 1144 1949 1290 2014; x_wconf 84' lang='lat' dir='ltr'><em>sisitasse</em></span> 
     </span>
     <span class='ocr_line' id='line_1_19' title="bbox 174 2039 720 2120; baseline 0 -17"><span class='ocrx_word' id='word_1_143' title='bbox 174 2059 239 2104; x_wconf 92' lang='lat' dir='ltr'><em>non</em></span> <span class='ocrx_word' id='word_1_144' title='bbox 261 2039 331 2104; x_wconf 85' lang='lat' dir='ltr'><em>sine</em></span> <span class='ocrx_word' id='word_1_145' title='bbox 352 2039 423 2104; x_wconf 90' lang='lat' dir='ltr'><em>iure</em></span> <span class='ocrx_word' id='word_1_146' title='bbox 446 2039 584 2105; x_wconf 85' lang='lat' dir='ltr'><em>conicere</em></span> <span class='ocrx_word' id='word_1_147' title='bbox 601 2041 720 2120; x_wconf 47' lang='lat' dir='ltr'><em>potes&amp;</em></span> 
     </span>
     <span class='ocr_line' id='line_1_20' title="bbox 281 2126 1288 2210; baseline -0.001 -17"><span class='ocrx_word' id='word_1_148' title='bbox 281 2129 385 2194; x_wconf 88' lang='lat' dir='ltr'><em>Haud</em></span> <span class='ocrx_word' id='word_1_149' title='bbox 405 2149 526 2210; x_wconf 89' lang='lat' dir='ltr'><em>pancos</em></span> <span class='ocrx_word' id='word_1_150' title='bbox 548 2127 645 2192; x_wconf 86' lang='lat' dir='ltr'><em>libros</em></span> <span class='ocrx_word' id='word_1_151' title='bbox 669 2128 713 2193; x_wconf 92' lang='lat' dir='ltr'><em>ad</em></span> <span class='ocrx_word' id='word_1_152' title='bbox 733 2127 893 2193; x_wconf 83' lang='lat' dir='ltr'><em>tantillum</em></span> <span class='ocrx_word' id='word_1_153' title='bbox 916 2126 1086 2192; x_wconf 76' lang='lat' dir='ltr'><em>chronicon</em></span> <span class='ocrx_word' id='word_1_154' title='bbox 1109 2147 1288 2208; x_wconf 90' lang='lat' dir='ltr'><em>componen-</em></span> 
     </span>
     <span class='ocr_line' id='line_1_21' title="bbox 139 2215 1288 2298; baseline -0.002 -16"><span class='ocrx_word' id='word_1_155' title='bbox 139 2218 250 2282; x_wconf 80' lang='lat' dir='ltr'><em>sodum</em></span> <span class='ocrx_word' id='word_1_156' title='bbox 279 2223 389 2282; x_wconf 89' lang='lat' dir='ltr'><em>auctor</em></span> <span class='ocrx_word' id='word_1_157' title='bbox 417 2217 569 2296; x_wconf 70' lang='lat' dir='ltr'><em>adtribuit,</em></span> <span class='ocrx_word' id='word_1_158' title='bbox 605 2237 737 2298; x_wconf 88' lang='lat' dir='ltr'><em>quorum</em></span> <span class='ocrx_word' id='word_1_159' title='bbox 764 2215 972 2298; x_wconf 72' lang='lat' dir='ltr'><em>arduissimis</em></span> <span class='ocrx_word' id='word_1_160' title='bbox 999 2215 1066 2296; x_wconf 90' lang='lat' dir='ltr'><em>ipse</em></span> <span class='ocrx_word' id='word_1_161' title='bbox 1094 2215 1131 2279; x_wconf 91' lang='lat' dir='ltr'><em>in</em></span> <span class='ocrx_word' id='word_1_162' title='bbox 1157 2217 1288 2298; x_wconf 80' lang='lat' dir='ltr'><em>protopo</em></span> 
     </span>
     <span class='ocr_line' id='line_1_22' title="bbox 175 2305 1289 2390; baseline 0 -20"><span class='ocrx_word' id='word_1_163' title='bbox 175 2306 338 2388; x_wconf 82' lang='lat' dir='ltr'><em>indicarit,</em></span> <span class='ocrx_word' id='word_1_164' title='bbox 361 2305 417 2372; x_wconf 82' lang='lat' dir='ltr'><em>ubi</em></span> <span class='ocrx_word' id='word_1_165' title='bbox 439 2305 523 2370; x_wconf 88' lang='lat' dir='ltr'><em>inter</em></span> <span class='ocrx_word' id='word_1_166' title='bbox 545 2305 614 2370; x_wconf 90' lang='lat' dir='ltr'><em>alia</em></span> <span class='ocrx_word' id='word_1_167' title='bbox 637 2307 679 2370; x_wconf 86' lang='lat' dir='ltr'><em>de</em></span> <span class='ocrx_word' id='word_1_168' title='bbox 695 2305 939 2370; x_wconf 77' lang='lat' dir='ltr'><em>Ecclesicsiics</em></span> <span class='ocrx_word' id='word_1_169' title='bbox 962 2306 1123 2390; x_wconf 76' lang='lat' dir='ltr'><em>hystoria,</em></span> <span class='ocrx_word' id='word_1_170' title='bbox 1149 2307 1191 2370; x_wconf 86' lang='lat' dir='ltr'><em>de</em></span> <span class='ocrx_word' id='word_1_171' title='bbox 1208 2305 1289 2370; x_wconf 85' lang='lat' dir='ltr'><em>Oro·</em></span> 
     </span>
     <span class='ocr_line' id='line_1_23' title="bbox 175 2393 1288 2474; baseline -0.001 -14"><span class='ocrx_word' id='word_1_172' title='bbox 175 2397 235 2474; x_wconf 85' lang='lat' dir='ltr'><em>sio,</em></span> <span class='ocrx_word' id='word_1_173' title='bbox 261 2397 302 2460; x_wconf 85' lang='lat' dir='ltr'><em>de</em></span> <span class='ocrx_word' id='word_1_174' title='bbox 327 2396 471 2460; x_wconf 82' lang='lat' dir='ltr'><em>cronicis</em></span> <span class='ocrx_word' id='word_1_175' title='bbox 494 2395 634 2459; x_wconf 77' lang='lat' dir='ltr'><em>Euscbii</em></span> <span class='ocrx_word' id='word_1_176' title='bbox 662 2399 698 2459; x_wconf 77' lang='lat' dir='ltr'><em>et</em></span> <span class='ocrx_word' id='word_1_177' title='bbox 721 2395 886 2459; x_wconf 87' lang='lat' dir='ltr'><em>leronimi</em></span> <span class='ocrx_word' id='word_1_178' title='bbox 908 2397 944 2458; x_wconf 78' lang='lat' dir='ltr'><em>ei</em></span> <span class='ocrx_word' id='word_1_179' title='bbox 967 2393 1113 2458; x_wconf 82' lang='lat' dir='ltr'><em>aliorum</em></span> <span class='ocrx_word' id='word_1_180' title='bbox 1142 2415 1175 2458; x_wconf 90' lang='lat' dir='ltr'><em>se</em></span> <span class='ocrx_word' id='word_1_181' title='bbox 1197 2414 1288 2474; x_wconf 87' lang='lat' dir='ltr'><em>quae·</em></span> 
     </span>
     <span class='ocr_line' id='line_1_24' title="bbox 175 2481 1289 2564; baseline -0.001 -17"><span class='ocrx_word' id='word_1_182' title='bbox 175 2484 249 2548; x_wconf 85' lang='lat' dir='ltr'><em>dam</em></span> <span class='ocrx_word' id='word_1_183' title='bbox 271 2483 461 2564; x_wconf 77' lang='lat' dir='ltr'><em>assmpsisse</em></span> <span class='ocrx_word' id='word_1_184' title='bbox 483 2482 573 2548; x_wconf 81' lang='lat' dir='ltr'><em>dicit.</em></span> <span class='ocrx_word' id='word_1_185' title='bbox 619 2483 725 2547; x_wconf 84' lang='lat' dir='ltr'><em>Acro</em></span> <span class='ocrx_word' id='word_1_186' title='bbox 748 2503 823 2546; x_wconf 87' lang='lat' dir='ltr'><em>ocra</em></span> <span class='ocrx_word' id='word_1_187' title='bbox 846 2481 962 2562; x_wconf 66' lang='lat' dir='ltr'><em>Rufini</em></span> <span class='ocrx_word' id='word_1_188' title='bbox 988 2481 1162 2546; x_wconf 86' lang='lat' dir='ltr'><em>versionem</em></span> <span class='ocrx_word' id='word_1_189' title='bbox 1185 2483 1289 2546; x_wconf 87' lang='lat' dir='ltr'><em>Eccle-</em></span> 
     </span>
     <span class='ocr_line' id='line_1_25' title="bbox 175 2569 1288 2637; baseline -0.002 -2"><span class='ocrx_word' id='word_1_190' title='bbox 175 2571 323 2637; x_wconf 81' lang='lat' dir='ltr'><em>siasticae</em></span> <span class='ocrx_word' id='word_1_191' title='bbox 345 2569 498 2636; x_wconf 83' lang='lat' dir='ltr'><em>historiae</em></span> <span class='ocrx_word' id='word_1_192' title='bbox 512 2570 667 2636; x_wconf 75' lang='lat' dir='ltr'><em>Ensebii³</em></span> <span class='ocrx_word' id='word_1_193' title='bbox 682 2577 710 2634; x_wconf 92' lang='lat' dir='ltr'><em>et</em></span> <span class='ocrx_word' id='word_1_194' title='bbox 729 2569 836 2635; x_wconf 90' lang='lat' dir='ltr'><em>Orosii</em></span> <span class='ocrx_word' id='word_1_195' title='bbox 858 2569 1011 2635; x_wconf 83' lang='lat' dir='ltr'><em>historias</em></span> <span class='ocrx_word' id='word_1_196' title='bbox 1026 2569 1180 2636; x_wconf 78' lang='lat' dir='ltr'><em>adhibuit.</em></span> <span class='ocrx_word' id='word_1_197' title='bbox 1216 2569 1288 2635; x_wconf 79' lang='lat' dir='ltr'><em>Oro</em></span> 
     </span>
     <span class='ocr_line' id='line_1_26' title="bbox 140 2658 1289 2740; baseline 0.001 -18"><span class='ocrx_word' id='word_1_198' title='bbox 140 2659 250 2724; x_wconf 79' lang='lat' dir='ltr'><em>unica</em></span> <span class='ocrx_word' id='word_1_199' title='bbox 272 2680 345 2724; x_wconf 86' lang='lat' dir='ltr'><em>uero</em></span> <span class='ocrx_word' id='word_1_200' title='bbox 361 2659 493 2724; x_wconf 85' lang='lat' dir='ltr'><em>Eusebii</em></span> <span class='ocrx_word' id='word_1_201' title='bbox 516 2663 545 2723; x_wconf 88' lang='lat' dir='ltr'><em>et</em></span> <span class='ocrx_word' id='word_1_202' title='bbox 560 2658 751 2740; x_wconf 75' lang='lat' dir='ltr'><em>Hieronymi</em></span> <span class='ocrx_word' id='word_1_203' title='bbox 773 2658 846 2740; x_wconf 90' lang='lat' dir='ltr'><em>ipso</em></span> <span class='ocrx_word' id='word_1_204' title='bbox 869 2679 934 2724; x_wconf 92' lang='lat' dir='ltr'><em>non</em></span> <span class='ocrx_word' id='word_1_205' title='bbox 957 2658 1132 2740; x_wconf 78' lang='lat' dir='ltr'><em>suscripsit,</em></span> <span class='ocrx_word' id='word_1_206' title='bbox 1155 2660 1211 2722; x_wconf 90' lang='lat' dir='ltr'><em>sed</em></span> <span class='ocrx_word' id='word_1_207' title='bbox 1232 2659 1289 2724; x_wconf 82' lang='lat' dir='ltr'><em>loc</em></span> 
     </span>
     <span class='ocr_line' id='line_1_27' title="bbox 176 2746 1287 2828; baseline 0 -17"><span class='ocrx_word' id='word_1_208' title='bbox 176 2747 264 2812; x_wconf 89' lang='lat' dir='ltr'><em>titula</em></span> <span class='ocrx_word' id='word_1_209' title='bbox 286 2747 443 2812; x_wconf 84' lang='lat' dir='ltr'><em>indicauit</em></span> <span class='ocrx_word' id='word_1_210' title='bbox 469 2747 651 2814; x_wconf 76' lang='lat' dir='ltr'><em>Chronicon</em></span> <span class='ocrx_word' id='word_1_211' title='bbox 672 2746 852 2812; x_wconf 85' lang='lat' dir='ltr'><em>universale</em></span> <span class='ocrx_word' id='word_1_212' title='bbox 874 2747 1015 2828; x_wconf 75' lang='lat' dir='ltr'><em>Frutolfi</em></span> <span class='ocrx_word' id='word_1_213' title='bbox 1041 2754 1070 2813; x_wconf 91' lang='lat' dir='ltr'><em>et</em></span> <span class='ocrx_word' id='word_1_214' title='bbox 1091 2747 1287 2828; x_wconf 73' lang='lat' dir='ltr'><em>Elkehardi,</em></span> 
     </span>
     <span class='ocr_line' id='line_1_28' title="bbox 177 2835 1286 2917; baseline -0.001 -16"><span class='ocrx_word' id='word_1_215' title='bbox 177 2836 266 2902; x_wconf 80' lang='lat' dir='ltr'><em>arius</em></span> <span class='ocrx_word' id='word_1_216' title='bbox 299 2835 432 2901; x_wconf 88' lang='lat' dir='ltr'><em>codicem</em></span> <span class='ocrx_word' id='word_1_217' title='bbox 464 2837 496 2901; x_wconf 77' lang='lat' dir='ltr'><em>S.</em></span> <span class='ocrx_word' id='word_1_218' title='bbox 526 2835 618 2901; x_wconf 86' lang='lat' dir='ltr'><em>Petri</em></span> <span class='ocrx_word' id='word_1_219' title='bbox 652 2835 936 2917; x_wconf 74' lang='lat' dir='ltr'><em>Erpltordensem4,</em></span> <span class='ocrx_word' id='word_1_220' title='bbox 972 2857 1058 2902; x_wconf 91' lang='lat' dir='ltr'><em>nunc</em></span> <span class='ocrx_word' id='word_1_221' title='bbox 1096 2835 1286 2917; x_wconf 75' lang='lat' dir='ltr'><em>Galbanum,</em></span> 
     </span>
     <span class='ocr_line' id='line_1_29' title="bbox 176 2923 1286 3007; baseline 0.002 -19"><span class='ocrx_word' id='word_1_222' title='bbox 176 2925 361 3006; x_wconf 88' lang='lat' dir='ltr'><em>ampliatum</em></span> <span class='ocrx_word' id='word_1_223' title='bbox 384 2923 538 2990; x_wconf 84' lang='lat' dir='ltr'><em>Auctario</em></span> <span class='ocrx_word' id='word_1_224' title='bbox 561 2931 590 2990; x_wconf 94' lang='lat' dir='ltr'><em>et</em></span> <span class='ocrx_word' id='word_1_225' title='bbox 610 2923 853 2991; x_wconf 76' lang='lat' dir='ltr'><em>Continuatione</em></span> <span class='ocrx_word' id='word_1_226' title='bbox 876 2925 910 2989; x_wconf 75' lang='lat' dir='ltr'><em>S.</em></span> <span class='ocrx_word' id='word_1_227' title='bbox 927 2923 1017 2989; x_wconf 90' lang='lat' dir='ltr'><em>Petri</em></span> <span class='ocrx_word' id='word_1_228' title='bbox 1040 2924 1286 3007; x_wconf 81' lang='lat' dir='ltr'><em>Erpleordensis,</em></span> 
     </span>
     <span class='ocr_line' id='line_1_30' title="bbox 176 3012 1289 3098; baseline 0 -21"><span class='ocrx_word' id='word_1_229' title='bbox 176 3033 274 3094; x_wconf 87' lang='lat' dir='ltr'><em>supra</em></span> <span class='ocrx_word' id='word_1_230' title='bbox 297 3035 331 3095; x_wconf 92' lang='lat' dir='ltr'><em>p.</em></span> <span class='ocrx_word' id='word_1_231' title='bbox 357 3019 510 3077; x_wconf 86' lang='grc'><strong>23-44.</strong></span> <span class='ocrx_word' id='word_1_232' title='bbox 541 3013 642 3094; x_wconf 90' lang='lat' dir='ltr'><em>editis,</em></span> <span class='ocrx_word' id='word_1_233' title='bbox 674 3033 743 3078; x_wconf 83' lang='lat' dir='ltr'><em>sum</em></span> <span class='ocrx_word' id='word_1_234' title='bbox 769 3012 879 3096; x_wconf 81' lang='lat' dir='ltr'><em>lepisse</em></span> <span class='ocrx_word' id='word_1_235' title='bbox 901 3013 997 3092; x_wconf 79' lang='lat' dir='ltr'><em>facile</em></span> <span class='ocrx_word' id='word_1_236' title='bbox 1020 3013 1188 3098; x_wconf 73' lang='lat' dir='ltr'><em>manassis.</em></span> <span class='ocrx_word' id='word_1_237' title='bbox 1235 3015 1289 3078; x_wconf 81' lang='lat' dir='ltr'><em>Ec</em></span> 
     </span>
     <span class='ocr_line' id='line_1_31' title="bbox 140 3099 1289 3184; baseline 0.001 -17"><span class='ocrx_word' id='word_1_238' title='bbox 140 3102 332 3168; x_wconf 84' lang='lat' dir='ltr'><em>soAuctario</em></span> <span class='ocrx_word' id='word_1_239' title='bbox 365 3101 450 3166; x_wconf 89' lang='lat' dir='ltr'><em>enim</em></span> <span class='ocrx_word' id='word_1_240' title='bbox 483 3101 571 3167; x_wconf 83' lang='lat' dir='ltr'><em>licud</em></span> <span class='ocrx_word' id='word_1_241' title='bbox 597 3122 714 3184; x_wconf 88' lang='lat' dir='ltr'><em>pauca,</em></span> <span class='ocrx_word' id='word_1_242' title='bbox 749 3123 788 3166; x_wconf 82' lang='lat' dir='ltr'><em>ea</em></span> <span class='ocrx_word' id='word_1_243' title='bbox 815 3101 1058 3168; x_wconf 76' lang='lat' dir='ltr'><em>Continuatione</em></span> <span class='ocrx_word' id='word_1_244' title='bbox 1088 3099 1289 3181; x_wconf 85' lang='lat' dir='ltr'><em>(Annalibus</em></span> 
     </span>
    </p>
   </div>
   <div class='ocr_carea' id='block_1_3' title="bbox 177 3329 1381 3398">
    <p class='ocr_par' dir='ltr' id='par_1_3' title="bbox 177 3329 1381 3398">
     <span class='ocr_line' id='line_1_32' title="bbox 177 3329 1381 3398; baseline -0.004 -12"><span class='ocrx_word' id='word_1_245' title='bbox 177 3333 203 3398; x_wconf 83' lang='lat'><em>1)</em></span> <span class='ocrx_word' id='word_1_246' title='bbox 223 3329 298 3395; x_wconf 79' lang='lat' dir='ltr'><em>Quod</em></span> <span class='ocrx_word' id='word_1_247' title='bbox 315 3329 419 3396; x_wconf 86' lang='lat' dir='ltr'><em>quidem</em></span> <span class='ocrx_word' id='word_1_248' title='bbox 437 3329 727 3384; x_wconf 60' lang='lat' dir='ltr'><em>missiamanum</em></span> <span class='ocrx_word' id='word_1_249' title='bbox 745 3347 798 3382; x_wconf 84' lang='lat' dir='ltr'><em>esse</em></span> <span class='ocrx_word' id='word_1_250' title='bbox 816 3331 888 3394; x_wconf 80' lang='lat' dir='ltr'><em>falso</em></span> <span class='ocrx_word' id='word_1_251' title='bbox 906 3331 986 3382; x_wconf 73' lang='lat' dir='ltr'><em>dicit.</em></span> <span class='ocrx_word' id='word_1_252' title='bbox 1075 3329 1102 3396; x_wconf 85' lang='grc'><em>2)</em></span> <span class='ocrx_word' id='word_1_253' title='bbox 1122 3329 1288 3382; x_wconf 78' lang='lat' dir='ltr'><em>Addlseidun</em></span> <span class='ocrx_word' id='word_1_254' title='bbox 1376 3381 1381 3392; x_wconf 81' lang='grc'><strong><em>,</em></strong></span> 
     </span>
    </p>
   </div>
   <div class='ocr_carea' id='block_1_4' title="bbox 137 3401 1290 4391">
    <p class='ocr_par' dir='ltr' id='par_1_4' title="bbox 137 3401 1290 4391">
     <span class='ocr_line' id='line_1_33' title="bbox 175 3401 1289 3470; baseline 0.002 -18"><span class='ocrx_word' id='word_1_255' title='bbox 175 3403 369 3470; x_wconf 75' lang='lat' dir='ltr'><em>imperatricem</em></span> <span class='ocrx_word' id='word_1_256' title='bbox 394 3402 423 3452; x_wconf 90' lang='lat' dir='ltr'><em>in</em></span> <span class='ocrx_word' id='word_1_257' title='bbox 448 3403 606 3454; x_wconf 73' lang='lat' dir='ltr'><em>marmorio</em></span> <span class='ocrx_word' id='word_1_258' title='bbox 631 3401 686 3453; x_wconf 82' lang='lat' dir='ltr'><em>Seis</em></span> <span class='ocrx_word' id='word_1_259' title='bbox 710 3401 837 3462; x_wconf 65' lang='lat' dir='ltr'><em>dinatius,</em></span> <span class='ocrx_word' id='word_1_260' title='bbox 872 3401 1026 3453; x_wconf 87' lang='lat' dir='ltr'><em>Udalricum</em></span> <span class='ocrx_word' id='word_1_261' title='bbox 1051 3403 1240 3467; x_wconf 83' lang='lat' dir='ltr'><em>Anqustanum</em></span> <span class='ocrx_word' id='word_1_262' title='bbox 1265 3409 1289 3454; x_wconf 88' lang='lat' dir='ltr'><em>et</em></span> 
     </span>
     <span class='ocr_line' id='line_1_34' title="bbox 176 3471 1288 3540; baseline -0.002 -14"><span class='ocrx_word' id='word_1_263' title='bbox 176 3473 330 3526; x_wconf 85' lang='lat' dir='ltr'><em>Conradum</em></span> <span class='ocrx_word' id='word_1_264' title='bbox 348 3473 570 3525; x_wconf 70' lang='lat' dir='ltr'><em>constantiensem</em></span> <span class='ocrx_word' id='word_1_265' title='bbox 589 3474 618 3523; x_wconf 83' lang='lat' dir='ltr'><em>in</em></span> <span class='ocrx_word' id='word_1_266' title='bbox 637 3472 732 3524; x_wconf 83' lang='lat' dir='ltr'><em>Suesia</em></span> <span class='ocrx_word' id='word_1_267' title='bbox 750 3479 855 3524; x_wconf 87' lang='lat' dir='ltr'><em>sanctos</em></span> <span class='ocrx_word' id='word_1_268' title='bbox 872 3473 929 3538; x_wconf 88' lang='lat' dir='ltr'><em>ooli,</em></span> <span class='ocrx_word' id='word_1_269' title='bbox 951 3473 1020 3540; x_wconf 88' lang='lat' dir='ltr'><em>quod</em></span> <span class='ocrx_word' id='word_1_270' title='bbox 1037 3473 1108 3535; x_wconf 81' lang='lat' dir='ltr'><em>dr&#39;oit,</em></span> <span class='ocrx_word' id='word_1_271' title='bbox 1129 3474 1158 3522; x_wconf 88' lang='lat' dir='ltr'><em>in</em></span> <span class='ocrx_word' id='word_1_272' title='bbox 1176 3471 1288 3524; x_wconf 89' lang='lat' dir='ltr'><em>Italiam</em></span> 
     </span>
     <span class='ocr_line' id='line_1_35' title="bbox 172 3543 1288 3611; baseline -0.002 -15"><span class='ocrx_word' id='word_1_273' title='bbox 172 3545 308 3611; x_wconf 79' lang='lat' dir='ltr'><em>profectus</em></span> <span class='ocrx_word' id='word_1_274' title='bbox 333 3559 518 3610; x_wconf 73' lang='lat' dir='ltr'><em>repressusque</em></span> <span class='ocrx_word' id='word_1_275' title='bbox 541 3558 690 3610; x_wconf 74' lang='lat' dir='ltr'><em>acquosus-e</em></span> <span class='ocrx_word' id='word_1_276' title='bbox 710 3546 805 3610; x_wconf 80' lang='lat' dir='ltr'><em>potuit.</em></span> <span class='ocrx_word' id='word_1_277' title='bbox 843 3543 908 3595; x_wconf 63' lang='lat' dir='ltr'><em>&amp;sm</em></span> <span class='ocrx_word' id='word_1_278' title='bbox 926 3559 986 3596; x_wconf 86' lang='lat' dir='ltr'><em>aero</em></span> <span class='ocrx_word' id='word_1_279' title='bbox 1003 3543 1105 3596; x_wconf 76' lang='lat' dir='ltr'><em>dicerit</em></span> <span class='ocrx_word' id='word_1_280' title='bbox 1123 3543 1288 3608; x_wconf 55' lang='lat' dir='ltr'><em>Minoum</em></span> 
     </span>
     <span class='ocr_line' id='line_1_36' title="bbox 140 3613 1289 3680; baseline 0 -14"><span class='ocrx_word' id='word_1_281' title='bbox 140 3625 260 3680; x_wconf 69' lang='lat' dir='ltr'><em>serapem</em></span> <span class='ocrx_word' id='word_1_282' title='bbox 279 3616 309 3664; x_wconf 87' lang='lat' dir='ltr'><em>in</em></span> <span class='ocrx_word' id='word_1_283' title='bbox 333 3613 455 3680; x_wconf 80' lang='lat' dir='ltr'><em>Unparia</em></span> <span class='ocrx_word' id='word_1_284' title='bbox 473 3621 593 3666; x_wconf 87' lang='lat' dir='ltr'><em>sanctum</em></span> <span class='ocrx_word' id='word_1_285' title='bbox 611 3615 667 3676; x_wconf 87' lang='lat' dir='ltr'><em>coti,</em></span> <span class='ocrx_word' id='word_1_286' title='bbox 685 3630 740 3667; x_wconf 89' lang='lat' dir='ltr'><em>non</em></span> <span class='ocrx_word' id='word_1_287' title='bbox 757 3617 813 3666; x_wconf 88' lang='lat' dir='ltr'><em>iam</em></span> <span class='ocrx_word' id='word_1_288' title='bbox 831 3631 890 3665; x_wconf 88' lang='lat' dir='ltr'><em>eum</em></span> <span class='ocrx_word' id='word_1_289' title='bbox 910 3615 938 3666; x_wconf 87' lang='lat' dir='ltr'><em>in</em></span> <span class='ocrx_word' id='word_1_290' title='bbox 963 3615 1086 3680; x_wconf 80' lang='lat' dir='ltr'><em>Unpario</em></span> <span class='ocrx_word' id='word_1_291' title='bbox 1105 3615 1190 3678; x_wconf 77' lang='lat' dir='ltr'><em>fuisse</em></span> <span class='ocrx_word' id='word_1_292' title='bbox 1207 3615 1289 3678; x_wconf 81' lang='lat' dir='ltr'><em>facile</em></span> 
     </span>
     <span class='ocr_line' id='line_1_37' title="bbox 174 3683 1287 3754; baseline -0.002 -16"><span class='ocrx_word' id='word_1_293' title='bbox 174 3683 335 3740; x_wconf 84' lang='lat' dir='ltr'><em>conieatabis.</em></span> <span class='ocrx_word' id='word_1_294' title='bbox 407 3687 435 3752; x_wconf 88' lang='lat'><em>3)</em></span> <span class='ocrx_word' id='word_1_295' title='bbox 459 3685 512 3738; x_wconf 85' lang='lat' dir='ltr'><em>Sed</em></span> <span class='ocrx_word' id='word_1_296' title='bbox 536 3701 568 3736; x_wconf 80' lang='lat' dir='ltr'><em>eu</em></span> <span class='ocrx_word' id='word_1_297' title='bbox 592 3685 642 3737; x_wconf 78' lang='lat' dir='ltr'><em>trac</em></span> <span class='ocrx_word' id='word_1_298' title='bbox 666 3687 695 3736; x_wconf 88' lang='lat' dir='ltr'><em>iu</em></span> <span class='ocrx_word' id='word_1_299' title='bbox 716 3687 811 3754; x_wconf 78' lang='lat' dir='ltr'><em>primo</em></span> <span class='ocrx_word' id='word_1_300' title='bbox 835 3687 990 3750; x_wconf 84' lang='lat' dir='ltr'><em>recensione,</em></span> <span class='ocrx_word' id='word_1_301' title='bbox 1016 3687 1137 3752; x_wconf 80' lang='lat' dir='ltr'><em>quamvis</em></span> <span class='ocrx_word' id='word_1_302' title='bbox 1161 3687 1241 3736; x_wconf 86' lang='lat' dir='ltr'><em>ctiam</em></span> <span class='ocrx_word' id='word_1_303' title='bbox 1259 3687 1287 3736; x_wconf 88' lang='lat' dir='ltr'><em>in</em></span> 
     </span>
     <span class='ocr_line' id='line_1_38' title="bbox 172 3755 1288 3824; baseline -0.001 -17"><span class='ocrx_word' id='word_1_304' title='bbox 172 3756 283 3823; x_wconf 82' lang='lat' dir='ltr'><em>protoqo</em></span> <span class='ocrx_word' id='word_1_305' title='bbox 301 3755 383 3807; x_wconf 78' lang='lat' dir='ltr'><em>liuius</em></span> <span class='ocrx_word' id='word_1_306' title='bbox 400 3758 559 3810; x_wconf 79' lang='lat' dir='ltr'><em>rueresianis</em></span> <span class='ocrx_word' id='word_1_307' title='bbox 576 3756 638 3808; x_wconf 75' lang='lat' dir='ltr'><em>isaeo</em></span> <span class='ocrx_word' id='word_1_308' title='bbox 655 3756 771 3822; x_wconf 85' lang='lat' dir='ltr'><em>dicatur,</em></span> <span class='ocrx_word' id='word_1_309' title='bbox 792 3755 864 3808; x_wconf 79' lang='lat' dir='ltr'><em>nihil</em></span> <span class='ocrx_word' id='word_1_310' title='bbox 880 3757 945 3824; x_wconf 74' lang='lat' dir='ltr'><em>sm,</em></span> <span class='ocrx_word' id='word_1_311' title='bbox 965 3757 1069 3808; x_wconf 88' lang='lat' dir='ltr'><em>demum</em></span> <span class='ocrx_word' id='word_1_312' title='bbox 1086 3757 1215 3808; x_wconf 82' lang='lat' dir='ltr'><em>innitere</em></span> <span class='ocrx_word' id='word_1_313' title='bbox 1233 3757 1288 3809; x_wconf 84' lang='lat' dir='ltr'><em>edi-</em></span> 
     </span>
     <span class='ocr_line' id='line_1_39' title="bbox 174 3828 1289 3895; baseline 0 -17"><span class='ocrx_word' id='word_1_314' title='bbox 174 3829 245 3879; x_wconf 85' lang='lat' dir='ltr'><em>tione</em></span> <span class='ocrx_word' id='word_1_315' title='bbox 269 3843 295 3881; x_wconf 91' lang='lat' dir='ltr'><em>a.</em></span> <span class='ocrx_word' id='word_1_316' title='bbox 317 3829 392 3883; x_wconf 79' lang='grc'><strong>1265.</strong></span> <span class='ocrx_word' id='word_1_317' title='bbox 419 3828 543 3894; x_wconf 78' lang='lat' dir='ltr'><em>Abaqari</em></span> <span class='ocrx_word' id='word_1_318' title='bbox 562 3835 585 3880; x_wconf 87' lang='lat' dir='ltr'><em>et</em></span> <span class='ocrx_word' id='word_1_319' title='bbox 605 3829 709 3880; x_wconf 68' lang='lat' dir='ltr'><em>dimoti</em></span> <span class='ocrx_word' id='word_1_320' title='bbox 733 3828 856 3895; x_wconf 69' lang='lat' dir='ltr'><em>epistolas</em></span> <span class='ocrx_word' id='word_1_321' title='bbox 880 3829 991 3895; x_wconf 71' lang='lat' dir='ltr'><em>spur-im</em></span> <span class='ocrx_word' id='word_1_322' title='bbox 1008 3834 1032 3880; x_wconf 87' lang='lat' dir='ltr'><em>et</em></span> <span class='ocrx_word' id='word_1_323' title='bbox 1046 3830 1211 3895; x_wconf 61' lang='lat' dir='ltr'><em>pancadam</em></span> <span class='ocrx_word' id='word_1_324' title='bbox 1230 3829 1289 3878; x_wconf 88' lang='lat' dir='ltr'><em>atio</em></span> 
     </span>
     <span class='ocr_line' id='line_1_40' title="bbox 174 3899 1290 3966; baseline 0 -16"><span class='ocrx_word' id='word_1_325' title='bbox 174 3899 323 3966; x_wconf 80' lang='lat' dir='ltr'><em>eusaipsit,</em></span> <span class='ocrx_word' id='word_1_326' title='bbox 343 3915 422 3966; x_wconf 85' lang='lat' dir='ltr'><em>quam</em></span> <span class='ocrx_word' id='word_1_327' title='bbox 440 3899 548 3950; x_wconf 81' lang='lat' dir='ltr'><em>necdum</em></span> <span class='ocrx_word' id='word_1_328' title='bbox 560 3899 683 3952; x_wconf 64' lang='lat' dir='ltr'><em>tremisse</em></span> <span class='ocrx_word' id='word_1_329' title='bbox 694 3899 806 3961; x_wconf 78' lang='lat' dir='ltr'><em>oiddur,</em></span> <span class='ocrx_word' id='word_1_330' title='bbox 824 3914 884 3949; x_wconf 90' lang='lat' dir='ltr'><em>cum</em></span> <span class='ocrx_word' id='word_1_331' title='bbox 900 3901 1019 3966; x_wconf 80' lang='lat' dir='ltr'><em>primam</em></span> <span class='ocrx_word' id='word_1_332' title='bbox 1037 3901 1210 3951; x_wconf 75' lang='lat' dir='ltr'><em>rescissionem</em></span> <span class='ocrx_word' id='word_1_333' title='bbox 1222 3901 1290 3950; x_wconf 89' lang='lat' dir='ltr'><em>scri·</em></span> 
     </span>
     <span class='ocr_line' id='line_1_41' title="bbox 137 3968 1290 4036; baseline 0.002 -16"><span class='ocrx_word' id='word_1_334' title='bbox 137 3968 363 4032; x_wconf 60' lang='lat' dir='ltr'><em>solustriacum</em></span> <span class='ocrx_word' id='word_1_335' title='bbox 381 3985 438 4020; x_wconf 87' lang='lat' dir='ltr'><em>eam</em></span> <span class='ocrx_word' id='word_1_336' title='bbox 455 3970 568 4032; x_wconf 68' lang='lat' dir='ltr'><em>mum,</em></span> <span class='ocrx_word' id='word_1_337' title='bbox 587 3977 727 4036; x_wconf 60' lang='lat' dir='ltr'><em>uniquam</em></span> <span class='ocrx_word' id='word_1_338' title='bbox 744 3969 856 4021; x_wconf 72' lang='lat' dir='ltr'><em>emunda</em></span> <span class='ocrx_word' id='word_1_339' title='bbox 875 3969 976 4020; x_wconf 79' lang='lat' dir='ltr'><em>librum</em></span> <span class='ocrx_word' id='word_1_340' title='bbox 993 3969 1084 4024; x_wconf 74' lang='lat' dir='ltr'><em>cderd.</em></span> <span class='ocrx_word' id='word_1_341' title='bbox 1156 3970 1185 4036; x_wconf 80' lang='lat'><em>4)</em></span> <span class='ocrx_word' id='word_1_342' title='bbox 1206 3971 1290 4022; x_wconf 86' lang='lat' dir='ltr'><em>Cuius</em></span> 
     </span>
     <span class='ocr_line' id='line_1_42' title="bbox 174 4037 1289 4110; baseline 0.002 -19"><span class='ocrx_word' id='word_1_343' title='bbox 174 4041 314 4108; x_wconf 80' lang='lat' dir='ltr'><em>inscriptio</em></span> <span class='ocrx_word' id='word_1_344' title='bbox 337 4045 390 4091; x_wconf 84' lang='lat' dir='ltr'><em>est:</em></span> <span class='ocrx_word' id='word_1_345' title='bbox 419 4037 574 4110; x_wconf 69' lang='lat' dir='ltr'><em>Epyihome</em></span> <span class='ocrx_word' id='word_1_346' title='bbox 593 4037 705 4092; x_wconf 81' lang='lat' dir='ltr'><em>Eusebii</em></span> <span class='ocrx_word' id='word_1_347' title='bbox 729 4039 763 4092; x_wconf 88' lang='lat' dir='ltr'><em>de</em></span> <span class='ocrx_word' id='word_1_348' title='bbox 788 4039 911 4108; x_wconf 84' lang='lat' dir='ltr'><em>sequenti</em></span> <span class='ocrx_word' id='word_1_349' title='bbox 936 4056 1028 4108; x_wconf 86' lang='lat' dir='ltr'><em>opere.</em></span> <span class='ocrx_word' id='word_1_350' title='bbox 1049 4069 1080 4078; x_wconf 95' lang='lat'>-</span> <span class='ocrx_word' id='word_1_351' title='bbox 1100 4040 1154 4091; x_wconf 81' lang='lat' dir='ltr'><em>Neo</em></span> <span class='ocrx_word' id='word_1_352' title='bbox 1173 4041 1289 4106; x_wconf 80' lang='lat' dir='ltr'><em>Fmrtolfi</em></span> 
     </span>
     <span class='ocr_line' id='line_1_43' title="bbox 175 4110 1289 4179; baseline -0.001 -16"><span class='ocrx_word' id='word_1_353' title='bbox 175 4127 255 4177; x_wconf 85' lang='lat' dir='ltr'><em>neque</em></span> <span class='ocrx_word' id='word_1_354' title='bbox 273 4110 434 4162; x_wconf 77' lang='lat' dir='ltr'><em>Ekketrnrdi</em></span> <span class='ocrx_word' id='word_1_355' title='bbox 450 4110 548 4162; x_wconf 72' lang='lat' dir='ltr'><em>dmum</em></span> <span class='ocrx_word' id='word_1_356' title='bbox 566 4111 652 4162; x_wconf 89' lang='lat' dir='ltr'><em>sotum</em></span> <span class='ocrx_word' id='word_1_357' title='bbox 670 4110 713 4161; x_wconf 74' lang='lat' dir='ltr'><em>liic</em></span> <span class='ocrx_word' id='word_1_358' title='bbox 730 4110 810 4162; x_wconf 79' lang='lat' dir='ltr'><em>codsa</em></span> <span class='ocrx_word' id='word_1_359' title='bbox 828 4115 948 4178; x_wconf 88' lang='lat' dir='ltr'><em>continet,</em></span> <span class='ocrx_word' id='word_1_360' title='bbox 967 4111 1013 4163; x_wconf 87' lang='lat' dir='ltr'><em>scd</em></span> <span class='ocrx_word' id='word_1_361' title='bbox 1024 4111 1140 4176; x_wconf 82' lang='lat' dir='ltr'><em>Fruiolfi</em></span> <span class='ocrx_word' id='word_1_362' title='bbox 1153 4127 1289 4179; x_wconf 75' lang='lat' dir='ltr'><em>spissam</em></span> 
     </span>
     <span class='ocr_line' id='line_1_44' title="bbox 172 4181 1289 4250; baseline 0 -16"><span class='ocrx_word' id='word_1_363' title='bbox 172 4183 290 4250; x_wconf 84' lang='lat' dir='ltr'><em>ptiatum</em></span> <span class='ocrx_word' id='word_1_364' title='bbox 307 4183 466 4233; x_wconf 83' lang='lat' dir='ltr'><em>recensionis</em></span> <span class='ocrx_word' id='word_1_365' title='bbox 478 4181 504 4233; x_wconf 90' lang='lat' dir='ltr'><em>B</em></span> <span class='ocrx_word' id='word_1_366' title='bbox 521 4197 579 4234; x_wconf 91' lang='lat' dir='ltr'><em>cum</em></span> <span class='ocrx_word' id='word_1_367' title='bbox 598 4182 795 4234; x_wconf 86' lang='lat' dir='ltr'><em>continuatione</em></span> <span class='ocrx_word' id='word_1_368' title='bbox 808 4181 970 4234; x_wconf 80' lang='lat' dir='ltr'><em>Ekketrardi</em></span> <span class='ocrx_word' id='word_1_369' title='bbox 986 4189 1008 4235; x_wconf 90' lang='lat' dir='ltr'><em>et</em></span> <span class='ocrx_word' id='word_1_370' title='bbox 1027 4181 1289 4235; x_wconf 62' lang='lat' dir='ltr'><em>macaronesum</em></span> 
     </span>
     <span class='ocr_line' id='line_1_45' title="bbox 175 4251 1290 4320; baseline 0.002 -16"><span class='ocrx_word' id='word_1_371' title='bbox 175 4253 286 4320; x_wconf 82' lang='lat' dir='ltr'><em>aliisque</em></span> <span class='ocrx_word' id='word_1_372' title='bbox 308 4257 426 4319; x_wconf 85' lang='lat' dir='ltr'><em>(praeter</em></span> <span class='ocrx_word' id='word_1_373' title='bbox 451 4253 632 4306; x_wconf 88' lang='lat' dir='ltr'><em>additamenta</em></span> <span class='ocrx_word' id='word_1_374' title='bbox 657 4251 883 4319; x_wconf 80' lang='lat' dir='ltr'><em>Erphorderrsia).</em></span> <span class='ocrx_word' id='word_1_375' title='bbox 920 4253 981 4306; x_wconf 86' lang='lat' dir='ltr'><em>Ideo</em></span> <span class='ocrx_word' id='word_1_376' title='bbox 999 4253 1161 4306; x_wconf 55' lang='lat' dir='ltr'><em>&amp;letardi</em></span> <span class='ocrx_word' id='word_1_377' title='bbox 1183 4255 1290 4306; x_wconf 81' lang='lat' dir='ltr'><em>nomine</em></span> 
     </span>
     <span class='ocr_line' id='line_1_46' title="bbox 137 4323 582 4391; baseline 0.002 -15"><span class='ocrx_word' id='word_1_378' title='bbox 137 4324 245 4376; x_wconf 66' lang='lat' dir='ltr'><em>mltum</em></span> <span class='ocrx_word' id='word_1_379' title='bbox 262 4323 360 4375; x_wconf 81' lang='lat' dir='ltr'><em>librum</em></span> <span class='ocrx_word' id='word_1_380' title='bbox 378 4339 479 4391; x_wconf 74' lang='lat' dir='ltr'><em>mmper</em></span> <span class='ocrx_word' id='word_1_381' title='bbox 496 4325 582 4377; x_wconf 82' lang='lat' dir='ltr'><em>citavi.</em></span> 
     </span>
    </p>
   </div>
   <div class='ocr_carea' id='block_1_5' title="bbox 0 0 1620 4856">
    <p class='ocr_par' dir='ltr' id='par_1_5' title="bbox 0 0 1620 4856">
     <span class='ocr_line' id='line_1_47' title="bbox 0 0 1620 4856; baseline 0 0"><span class='ocrx_word' id='word_1_382' title='bbox 0 0 1620 4856; x_wconf 95' lang='lat' dir='ltr'><em> </em></span> 
     </span>
    </p>
   </div>
  </div>
 </body>
</html>
