3200 4844
272 385 452 444 ANNALES
470 383 498 440 S.
512 384 628 439 PETRI
646 383 1020 439 RRPHESFURTENSES
1040 383 1211 453 ANTIQUI.
1268 389 1299 441 1.1

289 561 439 616 Castellum
458 561 486 614 in
506 561 636 614 altissimo
660 561 731 614 colle
754 560 836 613 situm
859 565 918 615 erat
942 565 970 613 et
994 579 1047 614 uno
1071 566 1178 616 tantum
1204 562 1301 615 itinere

192 633 296 703 ipsoque
314 632 480 686 difficillimo
500 632 569 684 adiri
587 635 704 701 poterat.
736 630 835 684 Cetera
852 632 953 685 montis
972 633 1059 685 latera
1070 632 1222 686 vastissima
1234 633 1302 686 silva

191 703 368 771 inumbrabat,
388 719 457 772 quae
476 702 575 756 exinde
594 703 749 770 permulta
767 702 844 755 milia
866 719 994 770 passuum
1020 703 1150 756 continua
1175 704 1301 757 vastitate

189 775 214 827 in
238 776 322 828 latum
348 774 507 828 extenditur
532 789 616 841 usque
642 773 676 826 ad
702 771 851 826 confinium
876 772 1060 842 thuringiae,
1086 779 1115 828 et
1140 774 1201 828 ideo
1227 776 1302 828 nulla

167 845 368 901 subsidentium
386 844 530 913 diligentia
544 843 678 897 conclusis
694 860 832 912 egressum
845 845 889 896 vel
902 845 1052 913 ingressum
1066 845 1172 913 eripere
1185 849 1302 913 poterat.

187 915 245 970 Rex
272 917 373 970 collato
401 933 464 968 cum
492 916 546 968 suis
571 915 684 968 consilio
716 913 872 982 frequentes
897 915 932 967 ad
962 931 1008 968 eos
1039 916 1144 985 legatos
1173 916 1303 971 mittebat

187 1003 279 1054 pacem
310 988 451 1055 postulans
481 991 511 1039 et
540 986 662 1038 omniurn
691 1002 761 1053 quae
792 985 853 1038 illos
880 985 1052 1040 offenderant
1082 987 1301 1041 emendationem

188 1058 323 1126 pollicens.
364 1057 399 1111 In
425 1075 506 1124 quam
534 1057 668 1110 actionem
696 1056 807 1110 intentis
831 1057 1018 1126 suspensisque
1043 1058 1169 1110 omnibus
1195 1062 1223 1112 et
1249 1059 1301 1111 iam

187 1133 297 1196 propter
315 1145 358 1181 res
377 1129 447 1182 bene
459 1132 550 1198 gestas
563 1127 710 1180 immatura
722 1127 868 1180 securitate
881 1128 1063 1196 torpentibus,
1082 1134 1163 1182 nocte
1175 1129 1302 1196 quadam,

155 1217 245 1255 iocum
265 1199 349 1252 nichil
367 1199 458 1252 minus
476 1199 686 1267 suspicarentur,
705 1198 763 1266 ipse
780 1197 943 1251 Bertoldnm
962 1199 1060 1251 ducem
1085 1203 1113 1252 et
1130 1199 1198 1251 duos
1221 1217 1303 1268 supra

185 1275 349 1323 memoratos
368 1270 509 1338 episcopos
528 1273 556 1322 et
575 1269 642 1322 alios
654 1270 797 1336 plerosque
810 1267 959 1322 familiares
971 1286 1033 1322 snos
1046 1287 1138 1322 secum
1151 1269 1302 1338 assumpsit,

186 1348 213 1393 et
230 1341 366 1409 premissis
384 1343 448 1394 ante
466 1357 495 1393 se
513 1340 542 1393 in
560 1340 673 1392 sarcinis
691 1339 769 1408 regni
788 1339 940 1408 insignibus
964 1343 992 1392 et
1014 1344 1118 1408 quanta
1142 1345 1250 1408 tempus
1276 1345 1304 1394 et

185 1427 227 1464 res
245 1411 422 1479 patiebantur
439 1415 518 1480 parte
536 1409 735 1476 thesaurorum,
755 1411 826 1463 clam
845 1427 968 1479 egressus
986 1417 1027 1464 est
1045 1410 1079 1464 de
1098 1411 1219 1477 castello,
1238 1411 1303 1464 dato

185 1483 299 1551 negocio
318 1483 360 1535 his
378 1482 426 1550 qui
445 1481 518 1534 intus
535 1481 723 1546 remanebant,
743 1486 774 1533 nt
791 1485 900 1548 postera
919 1481 963 1535 die
982 1487 1084 1549 quanta
1108 1487 1219 1550 possent
1245 1486 1303 1535 arte

152 1571 176 1608 ιι
184 1554 349 1620 presentiam
373 1553 415 1605 sui
432 1552 594 1606 simularent
616 1556 644 1605 et
665 1552 806 1604 hostiuma
829 1551 933 1604 animos
959 1569 974 1605 a
999 1551 1197 1620 suspicionibus
1222 1552 1303 1622 fugae

184 1641 248 1678 suae
277 1628 433 1678 avocarent.
479 1623 583 1676 Triduo
611 1639 661 1690 per
687 1622 868 1676 vastissimam
896 1623 992 1676 silvam
1019 1623 1118 1691 ieiuni,
1150 1628 1180 1676 nt
1208 1625 1303 1691 l'ertur,

183 1695 381 1762 gradiebantur
400 1693 590 1764 angustissimo
609 1697 638 1747 et
656 1693 750 1761 paucis
776 1693 891 1747 antebac
911 1698 1052 1762 comperto
1077 1694 1196 1760 tramite,
1223 1711 1303 1763 quem

183 1770 299 1818 venator
316 1765 437 1834 quidam,
456 1765 512 1817 dux
531 1764 643 1830 itineris,
669 1762 736 1831 quib
759 1763 877 1817 venandi
901 1765 991 1816 studio
1014 1765 1150 1818 sollertius
1174 1765 1303 1818 silvarum

183 1835 280 1889 abdita
303 1836 463 1902 rimaretur,
492 1835 725 1903 deprehenderat,
753 1835 874 1902 undique
899 1835 1156 1904 circumspectantes
1180 1836 1303 1905 gladium

148 1912 212 1964 aet
231 1907 267 1960 ad
285 1907 438 1976 quemlibet
455 1906 650 1974 perstrepentis
669 1922 734 1958 aure
759 1906 878 1958 sonitum
905 1905 1027 1959 incursus
1052 1906 1170 1960 hostium
1195 1907 1304 1975 iamque

183 1975 1304 2118 {Stilttltttttlttl⁰tl23ttlttttttttttltllt

182 2119 370 2190 Eskenewege
401 2123 592 2188 pervenerunt.
643 2117 698 2173 Ubi
730 2119 791 2170 cibo
822 2135 971 2186 somnoque
1001 2121 1143 2187 paululum
1178 2120 1304 2186 recreati,

182 2195 295 2259 postero
314 2191 367 2258 die,
387 2189 415 2242 id
434 2193 493 2243 eatc
511 2189 608 2243 Idibus
621 2189 705 2258 Aug,
724 2207 786 2242 cum
805 2189 860 2242 iam
879 2189 957 2242 miles
975 2188 1145 2258 frequentior
1163 2191 1199 2243 ad
1210 2208 1303 2260 regem

147 2261 324 2318 raconfluere
343 2261 466 2332 cepisset,
485 2260 665 2314 Herveldiam
684 2261 891 2314 contenderunt.

293 2332 417 2386 Saxones
435 2336 585 2400 comperto,
604 2330 677 2399 qnod
697 2331 777 2384 elusis
796 2330 954 2384 custodibus
973 2330 1027 2383 suis
1045 2348 1094 2385 rex
1107 2330 1134 2383 in
1148 2331 1214 2384 alias
1226 2332 1304 2400 regni

183 2407 277 2472 partes
296 2403 431 2470 evasisset,
457 2403 634 2456 vehementer
659 2406 722 2454 sunt
747 2401 908 2468 contristati,
928 2401 1100 2469 arbitrantes,
1125 2402 1152 2454 id
1171 2403 1244 2470 quod
1262 2421 1306 2456 res

181 2473 728 2598 tltlttttlttttttltttt
737 2471 1086 2611 ttttltltttllt
1089 2512 1096 2539 ¹
1114 2471 1307 2597 ttttttt

145 2615 256 2674 solacia
283 2615 387 2668 bellum
412 2614 553 2683 publicum
582 2631 644 2667 cum
672 2614 750 2667 hoste
777 2613 889 2682 publico
916 2584 1088 2683 gerendumi
1112 2614 1227 2683 ideoque
1254 2615 1305 2668 sibi

181 2685 325 2754 expedire,
351 2691 382 2740 nt
400 2693 632 2754 quantascumque
650 2689 761 2752 possent
778 2689 875 2755 gentes
894 2691 922 2738 et
947 2702 1033 2754 regna
1059 2685 1187 2739 adversus
1213 2703 1305 2756 regem

182 2757 365 2812 concitarent.
402 2756 532 2810 Protinus
551 2756 656 2826 legatos
674 2756 815 2808 miserunt·
826 2756 861 2809 sd
880 2754 1037 2825 'thuringos
1056 2756 1187 2809 auxilium
1211 2763 1306 2826 petere

181 2833 212 2882 et
230 2844 340 2897 rogare,
359 2832 391 2880 ut
410 2827 461 2896 ipsi
479 2844 529 2896 pro
549 2843 597 2879 sna
615 2843 723 2894 quoque
742 2827 869 2880 libertate
883 2831 911 2879 et
924 2826 1112 2895 frequentibus
1125 2827 1306 2893 contumeliis,

182 2899 287 2967 quibus
312 2898 429 2952 lacessiti
455 2899 576 2964 lucrant,
605 2914 681 2950 arma
708 2915 815 2951 sumere
842 2915 897 2951 non
925 2897 1129 2968 pigritarentur.
1172 2898 1307 2968 Thuringi

145 2989 172 3028 ιι
183 2970 368 3024 celeberrimo
387 2975 524 3022 conventu
542 2968 637 3022 habito
656 2968 685 3021 in
704 2969 764 3021 loco
787 2968 836 3037 qui
860 2969 962 3022 dicitur
980 2969 1133 3036 Triteburc,
1159 2970 1208 3022 ubi
1233 2971 1306 3038 lega·

182 3041 291 3094 tionem
310 3040 451 3094 Saxonum
465 3040 618 3106 audierunt,
637 3037 839 3106 promptissime
852 3039 952 3092 assensi
965 3045 1035 3107 sunt,
1054 3057 1105 3094 nec
1118 3041 1175 3093 ulla
1187 3057 1307 3109 unquam

183 3111 291 3178 legatio
310 3111 470 3164 laetioribus
482 3109 725 3164 acclamationibus
738 3115 854 3178 excepta
866 3116 914 3165 est.
946 3110 1005 3164 Nec
1017 3128 1095 3164 mora
1108 3111 1149 3164 ius
1162 3111 1307 3163 iurandum

182 3183 256 3236 dant
280 3199 413 3250 nusquam
438 3197 467 3234 se
492 3181 634 3235 defuturos
658 3181 790 3249 negoci0,
818 3197 991 3234 communem
1017 3182 1069 3234 sibi
1095 3199 1151 3235 esse
1182 3199 1243 3234 cum
1270 3181 1308 3234 eis

182 3253 360 3306 rebellandi⁰
389 3252 593 3320 necessitatem,
622 3256 649 3305 et
675 3251 736 3304 ideo
764 3269 909 3306 commune
937 3252 1106 3322 periculum,
1135 3269 1307 3306 communem

145 3323 281 3390 matiam,
299 3323 321 3375 si
339 3323 413 3377 Deus
432 3327 572 3390 annueret,
591 3322 734 3376 victoriam
754 3321 883 3388 suturam,
903 3339 984 3390 seque
1004 3340 1088 3390 usque
1107 3323 1143 3374 ad
1155 3327 1307 3376 extremum

182 3394 313 3464 spiritum
341 3411 393 3462 pro
421 3393 560 3446 communi
592 3393 712 3446 utilitate
745 3393 930 3448 dimicaturos.
976 3393 1151 3446 Denunciant
1183 3399 1310 3460 preterea

184 3465 283 3519 abbati
302 3463 434 3518 Fuldensi
453 3469 481 3517 et
500 3464 595 3518 abbati
613 3463 797 3517 Herveldensi
815 3469 843 3517 et
863 3463 977 3516 caeteris
1002 3463 1181 3531 principibus,
1208 3463 1254 3532 qui
1281 3463 1308 3515 in

184 3536 342 3605 Thuringia
366 3535 524 3604 prediorum
551 3535 655 3604 aliquid
680 3535 828 3602 baberent,
857 3538 887 3587 nt
912 3534 947 3586 ad
973 3533 1116 3588 serendum
1142 3535 1219 3604 genti
1244 3551 1309 3588 suae

184 3607 322 3660 auxilium
348 3605 393 3660 die
418 3610 520 3659 astuto
540 3606 709 3659 coniuraturi
728 3606 869 3674 venirent;
894 3604 946 3658 nisi
972 3605 1000 3657 id
1025 3605 1156 3671 facerent,
1182 3623 1211 3658 se
1236 3606 1310 3658 bona

146 3695 284 3734 saeorum
303 3677 427 3746 protinus
446 3677 537 3729 omnia
557 3677 719 3745 direpturos.
757 3675 856 3745 Legati
879 3676 962 3729 etiam
988 3677 1061 3744 regis
1084 3683 1309 3745 supervenerunt,

186 3749 313 3816 ingentia
331 3748 370 3802 eis
388 3747 522 3801 beneficia
540 3748 709 3816 pollicentes,
729 3747 751 3799 si
769 3748 847 3817 fedus
861 3745 1002 3800 Saxonum
1014 3747 1136 3816 bellique
1149 3749 1309 3802 societatem

186 3825 357 3887 respuerent.
394 3817 450 3872 Sed
476 3836 538 3872 cum
563 3819 642 3887 gravi
667 3819 836 3872 contumelia
860 3822 923 3871 sunt
947 3819 1057 3886 repulsi,
1083 3819 1111 3871 in
1137 3823 1254 3886 tantum,
1280 3823 1310 3872 ut

187 3906 242 3943 nec
260 3891 386 3943 manibus
406 3889 433 3942 in
452 3905 499 3943 eos
517 3889 594 3942 furor
612 3890 708 3959 populi
721 3893 907 3958 temperasset,
927 3889 979 3942 nisi
992 3906 1143 3957 paucorum
1156 3891 1309 3958 sapientum

187 3960 342 4014 moderatio
361 3965 475 4029 propter
494 3961 534 4014 ius
552 3961 685 4030 gentium,
704 3977 758 4028 quo
784 3960 880 4030 legatis
899 3965 940 4013 est
963 3959 1174 4016 deserendums.
1212 3960 1310 4014 Archi-

147 4033 333 4101 aepiscopus
368 4031 609 4102 sigefridusss
640 4029 844 4101 Mogontinusl¹
880 4030 1050 4100 llrphesfurd
1083 4031 1243 4085 morabatur
1278 4047 1310 4084 eo

189 4211 212 4256 ι)
225 4221 262 4249 ιιι.
279 4210 301 4249 h.
316 4221 375 4250 corr,
390 4210 413 4249 h.
429 4220 464 4252 an.
477 4219 494 4252 e.
576 4209 598 4256 b)
616 4210 647 4247 ric
665 4219 737 4248 omnes
755 4209 818 4252 codd.
836 4209 949 4258 Larnpertt
967 4221 994 4248 ae
1012 4209 1190 4256 arpaararuna·
1204 4209 1312 4258 protum

190 4263 240 4302 dum
259 4265 293 4303 ed.
308 4265 380 4313 princ.
461 4261 482 4314 c)
503 4259 540 4302 dle
559 4261 583 4300 ld
599 4273 616 4304 c.
697 4263 720 4314 d)
740 4263 771 4300 etc
790 4273 862 4302 omnes
879 4263 939 4304 codd.
959 4263 1073 4310 Lampertl
1091 4273 1118 4301 ar
1135 4262 1312 4326 Euphratensis&

187 4317 295 4364 νομαί,-
309 4327 351 4356 nec
367 4317 445 4366 Lamp.
501 4317 522 4364 e)
536 4313 659 4356 rebellandi
673 4326 692 4355 e.
748 4315 816 4364 Oete,
830 4317 934 4354 sentenia
948 4317 1043 4364 abrupta
1058 4325 1074 4356 c.
1129 4315 1151 4362 g)
1165 4317 1226 4364 Sigei
1238 4317 1311 4354 eadem

192 4381 255 4408 nasu
269 4381 376 4420 rupem.
432 4371 455 4418 h)
469 4379 529 4420 mog.
544 4389 570 4398 —-
586 4374 685 4418 tempore
700 4369 746 4406 alta
761 4379 839 4408 coaeva
853 4381 919 4407 manu
933 4369 956 4406 ιἰι
970 4369 1016 4407 loca
1031 4379 1083 4406 rara
1097 4369 1186 4416 scripea

1330 547 1408 594 tamn.

1313 611 1337 648 p.
1349 600 1385 639 itt
1393 611 1425 648 aq.
