<?xml version="1.0" encoding="UTF-8"?>
<!DOCTYPE html PUBLIC "-//W3C//DTD XHTML 1.0 Transitional//EN"
    "http://www.w3.org/TR/xhtml1/DTD/xhtml1-transitional.dtd">
<html xmlns="http://www.w3.org/1999/xhtml" xml:lang="en" lang="en">
 <head>
  <title>
</title>
<meta http-equiv="Content-Type" content="text/html;charset=utf-8" />
  <meta name='ocr-system' content='tesseract 3.04.00' />
  <meta name='ocr-capabilities' content='ocr_page ocr_carea ocr_par ocr_line ocrx_word'/>
</head>
<body>
  <div class='ocr_page' id='page_1' title='image "./monumentaerphes01monagoog_0436.png"; bbox 0 0 3216 4854; ppageno 0'>
   <div class='ocr_carea' id='block_1_1' title="bbox 219 735 289 782">
    <p class='ocr_par' dir='ltr' id='par_1_1' title="bbox 219 735 289 782">
     <span class='ocr_line' id='line_1_1' title="bbox 219 735 289 782; baseline -0.129 0"><span class='ocrx_word' id='word_1_1' title='bbox 219 735 250 782; x_wconf 78' lang='lat'>⁸!-</span> <span class='ocrx_word' id='word_1_2' title='bbox 258 735 289 776; x_wconf 65' lang='lat' dir='ltr'>ti.</span> 
     </span>
    </p>
   </div>
   <div class='ocr_carea' id='block_1_2' title="bbox 299 349 1262 409">
    <p class='ocr_par' dir='ltr' id='par_1_2' title="bbox 299 349 1262 409">
     <span class='ocr_line' id='line_1_2' title="bbox 299 349 1262 409; baseline -0.001 0"><span class='ocrx_word' id='word_1_3' title='bbox 299 354 354 409; x_wconf 80' lang='lat'>424</span> <span class='ocrx_word' id='word_1_4' title='bbox 451 349 644 406; x_wconf 80' lang='lat' dir='ltr'><em>ORONIOAII</em></span> <span class='ocrx_word' id='word_1_5' title='bbox 661 349 815 406; x_wconf 67' lang='lat' dir='ltr'>§.PETRI</span> <span class='ocrx_word' id='word_1_6' title='bbox 826 349 987 408; x_wconf 81' lang='lat' dir='ltr'>ERFORD.</span> <span class='ocrx_word' id='word_1_7' title='bbox 1006 349 1203 408; x_wconf 79' lang='lat' dir='ltr'>APPENDIX</span> <span class='ocrx_word' id='word_1_8' title='bbox 1211 350 1262 408; x_wconf 90' lang='lat' dir='ltr'>Vl.</span> 
     </span>
    </p>
   </div>
   <div class='ocr_carea' id='block_1_3' title="bbox 299 540 1417 883">
    <p class='ocr_par' dir='ltr' id='par_1_3' title="bbox 299 540 1417 883">
     <span class='ocr_line' id='line_1_3' title="bbox 300 540 1417 616; baseline 0 -18"><span class='ocrx_word' id='word_1_9' title='bbox 300 542 396 616; x_wconf 90' lang='lat' dir='ltr'>scopi,</span> <span class='ocrx_word' id='word_1_10' title='bbox 420 541 576 610; x_wconf 83' lang='lat' dir='ltr'>Eucherii,</span> <span class='ocrx_word' id='word_1_11' title='bbox 601 541 727 610; x_wconf 90' lang='lat' dir='ltr'>Valerii,</span> <span class='ocrx_word' id='word_1_12' title='bbox 752 542 897 610; x_wconf 75' lang='lat' dir='ltr'>Materni,</span> <span class='ocrx_word' id='word_1_13' title='bbox 922 541 1024 616; x_wconf 87' lang='lat' dir='ltr'>Egidii</span> <span class='ocrx_word' id='word_1_14' title='bbox 1053 541 1188 609; x_wconf 87' lang='lat' dir='ltr'>abbatis,</span> <span class='ocrx_word' id='word_1_15' title='bbox 1212 540 1302 598; x_wconf 88' lang='lat' dir='ltr'>Pauli</span> <span class='ocrx_word' id='word_1_16' title='bbox 1324 542 1417 616; x_wconf 91' lang='lat' dir='ltr'>primi</span> 
     </span>
     <span class='ocr_line' id='line_1_4' title="bbox 299 628 1416 706; baseline 0 -18"><span class='ocrx_word' id='word_1_17' title='bbox 299 630 461 699; x_wconf 89' lang='lat' dir='ltr'>heremite,</span> <span class='ocrx_word' id='word_1_18' title='bbox 492 631 590 688; x_wconf 89' lang='lat' dir='ltr'>Marie</span> <span class='ocrx_word' id='word_1_19' title='bbox 613 630 809 704; x_wconf 87' lang='lat' dir='ltr'>Magdalene,</span> <span class='ocrx_word' id='word_1_20' title='bbox 833 630 967 705; x_wconf 83' lang='lat' dir='ltr'>Agathe,</span> <span class='ocrx_word' id='word_1_21' title='bbox 992 631 1135 706; x_wconf 78' lang='lat' dir='ltr'>Agnetis,</span> <span class='ocrx_word' id='word_1_22' title='bbox 1165 629 1269 699; x_wconf 94' lang='lat' dir='ltr'>Lucie,</span> <span class='ocrx_word' id='word_1_23' title='bbox 1294 628 1416 700; x_wconf 81' lang='lat' dir='ltr'>Cecilie,</span> 
     </span>
     <span class='ocr_line' id='line_1_5' title="bbox 300 712 1417 794; baseline 0 -18"><span class='ocrx_word' id='word_1_24' title='bbox 300 719 486 794; x_wconf 86' lang='lat' dir='ltr'>Margarete,</span> <span class='ocrx_word' id='word_1_25' title='bbox 512 712 714 788; x_wconf 70' lang='lat' dir='ltr'>&#39;Felicitatis</span> <span class='ocrx_word' id='word_1_26' title='bbox 739 718 924 788; x_wconf 88' lang='lat' dir='ltr'>Petronelle,</span> <span class='ocrx_word' id='word_1_27' title='bbox 949 718 1127 788; x_wconf 84' lang='lat' dir='ltr'>Scolastice,</span> <span class='ocrx_word' id='word_1_28' title='bbox 1151 719 1329 788; x_wconf 83' lang='lat' dir='ltr'>Anastasie,</span> <span class='ocrx_word' id='word_1_29' title='bbox 1353 719 1417 776; x_wconf 89' lang='lat' dir='ltr'>Un-</span> 
     </span>
     <span class='ocr_line' id='line_1_6' title="bbox 299 808 736 883; baseline -0.002 -17"><span class='ocrx_word' id='word_1_30' title='bbox 299 808 401 866; x_wconf 87' lang='lat' dir='ltr'>decim</span> <span class='ocrx_word' id='word_1_31' title='bbox 424 808 546 866; x_wconf 82' lang='lat' dir='ltr'>mIIIum</span> <span class='ocrx_word' id='word_1_32' title='bbox 569 808 736 883; x_wconf 84' lang='lat' dir='ltr'>virginum.</span> 
     </span>
    </p>
   </div>
   <div class='ocr_carea' id='block_1_4' title="bbox 204 888 1447 966">
    <p class='ocr_par' dir='ltr' id='par_1_4' title="bbox 204 888 1447 966">
     <span class='ocr_line' id='line_1_7' title="bbox 204 888 1447 966; baseline 0.008 -18"><span class='ocrx_word' id='word_1_33' title='bbox 204 896 290 950; x_wconf 75' lang='lat'>1231?</span> <span class='ocrx_word' id='word_1_34' title='bbox 407 891 532 955; x_wconf 80' lang='lat' dir='ltr'>Anno²</span> <span class='ocrx_word' id='word_1_35' title='bbox 559 891 602 955; x_wconf 85' lang='lat' dir='ltr'>ab</span> <span class='ocrx_word' id='word_1_36' title='bbox 629 890 868 955; x_wconf 84' lang='lat' dir='ltr'>incarnatione</span> <span class='ocrx_word' id='word_1_37' title='bbox 891 889 1033 955; x_wconf 87' lang='lat' dir='ltr'>Domini</span> <span class='ocrx_word' id='word_1_38' title='bbox 1056 888 1344 966; x_wconf 83' lang='lat' dir='ltr'>M⁰OO⁰XXX⁰I⁰,</span> <span class='ocrx_word' id='word_1_39' title='bbox 1368 891 1447 958; x_wconf 83' lang='lat' dir='ltr'>iu=s</span> 
     </span>
    </p>
   </div>
   <div class='ocr_carea' id='block_1_5' title="bbox 199 1001 290 1045">
    <p class='ocr_par' dir='ltr' id='par_1_5' title="bbox 199 1001 290 1045">
     <span class='ocr_line' id='line_1_8' title="bbox 199 1001 290 1045; baseline 0.011 -6"><span class='ocrx_word' id='word_1_40' title='bbox 199 1001 249 1040; x_wconf 75' lang='lat' dir='ltr'>run.</span> <span class='ocrx_word' id='word_1_41' title='bbox 257 1001 290 1045; x_wconf 76' lang='lat'>21.</span> 
     </span>
    </p>
   </div>
   <div class='ocr_carea' id='block_1_6' title="bbox 297 979 1453 1504">
    <p class='ocr_par' dir='ltr' id='par_1_6' title="bbox 297 979 1453 1504">
     <span class='ocr_line' id='line_1_9' title="bbox 300 979 1417 1056; baseline 0 -13"><span class='ocrx_word' id='word_1_42' title='bbox 300 979 452 1044; x_wconf 75' lang='lat' dir='ltr'>dictione</span> <span class='ocrx_word' id='word_1_43' title='bbox 475 979 614 1056; x_wconf 72' lang='lat' dir='ltr'>VIII-1,</span> <span class='ocrx_word' id='word_1_44' title='bbox 645 979 709 1042; x_wconf 89' lang='lat' dir='ltr'>XI.</span> <span class='ocrx_word' id='word_1_45' title='bbox 736 979 816 1042; x_wconf 85' lang='lat' dir='ltr'>Kal.</span> <span class='ocrx_word' id='word_1_46' title='bbox 849 979 932 1042; x_wconf 91' lang='lat' dir='ltr'>Iulii</span> <span class='ocrx_word' id='word_1_47' title='bbox 963 982 1162 1044; x_wconf 87' lang='lat' dir='ltr'>consecrata</span> <span class='ocrx_word' id='word_1_48' title='bbox 1189 983 1242 1044; x_wconf 88' lang='lat' dir='ltr'>est</span> <span class='ocrx_word' id='word_1_49' title='bbox 1275 979 1417 1043; x_wconf 88' lang='lat' dir='ltr'>basilica</span> 
     </span>
     <span class='ocr_line' id='line_1_10' title="bbox 297 1064 1416 1133; baseline -0.001 -1"><span class='ocrx_word' id='word_1_50' title='bbox 297 1068 390 1133; x_wconf 92' lang='lat' dir='ltr'>inter</span> <span class='ocrx_word' id='word_1_51' title='bbox 419 1067 600 1133; x_wconf 82' lang='lat' dir='ltr'>inferiores</span> <span class='ocrx_word' id='word_1_52' title='bbox 628 1064 764 1133; x_wconf 83' lang='lat' dir='ltr'>turres*</span> <span class='ocrx_word' id='word_1_53' title='bbox 787 1088 808 1131; x_wconf 86' lang='lat' dir='ltr'>a</span> <span class='ocrx_word' id='word_1_54' title='bbox 831 1067 1053 1133; x_wconf 81' lang='lat' dir='ltr'>willehelmo</span> <span class='ocrx_word' id='word_1_55' title='bbox 1080 1067 1270 1133; x_wconf 74' lang='lat' dir='ltr'>venerabili</span> <span class='ocrx_word' id='word_1_56' title='bbox 1292 1068 1416 1133; x_wconf 85' lang='lat' dir='ltr'>Havel·</span> 
     </span>
     <span class='ocr_line' id='line_1_11' title="bbox 298 1155 1416 1242; baseline -0.002 -20"><span class='ocrx_word' id='word_1_57' title='bbox 298 1155 458 1240; x_wconf 85' lang='lat' dir='ltr'>bergensi</span> <span class='ocrx_word' id='word_1_58' title='bbox 487 1156 647 1242; x_wconf 90' lang='lat' dir='ltr'>episcopo</span> <span class='ocrx_word' id='word_1_59' title='bbox 676 1157 714 1220; x_wconf 90' lang='lat' dir='ltr'>in</span> <span class='ocrx_word' id='word_1_60' title='bbox 743 1156 873 1221; x_wconf 85' lang='lat' dir='ltr'>honore</span> <span class='ocrx_word' id='word_1_61' title='bbox 904 1160 1023 1222; x_wconf 88' lang='lat' dir='ltr'>sancte</span> <span class='ocrx_word' id='word_1_62' title='bbox 1055 1160 1091 1222; x_wconf 92' lang='lat' dir='ltr'>et</span> <span class='ocrx_word' id='word_1_63' title='bbox 1120 1157 1298 1221; x_wconf 85' lang='lat' dir='ltr'>individue</span> <span class='ocrx_word' id='word_1_64' title='bbox 1320 1157 1416 1220; x_wconf 90' lang='lat' dir='ltr'>trini-</span> 
     </span>
     <span class='ocr_line' id='line_1_12' title="bbox 299 1245 1416 1310; baseline 0 0"><span class='ocrx_word' id='word_1_65' title='bbox 299 1245 382 1310; x_wconf 86' lang='lat' dir='ltr'>tatis</span> <span class='ocrx_word' id='word_1_66' title='bbox 405 1248 442 1310; x_wconf 93' lang='lat' dir='ltr'>et</span> <span class='ocrx_word' id='word_1_67' title='bbox 463 1245 742 1310; x_wconf 80' lang='lat' dir='ltr'>victoriosissime</span> <span class='ocrx_word' id='word_1_68' title='bbox 770 1249 888 1310; x_wconf 88' lang='lat' dir='ltr'>sancte</span> <span class='ocrx_word' id='word_1_69' title='bbox 912 1246 1022 1310; x_wconf 88' lang='lat' dir='ltr'>crucis</span> <span class='ocrx_word' id='word_1_70' title='bbox 1053 1248 1088 1310; x_wconf 90' lang='lat' dir='ltr'>et</span> <span class='ocrx_word' id='word_1_71' title='bbox 1111 1246 1326 1310; x_wconf 85' lang='lat' dir='ltr'>sanctissime</span> <span class='ocrx_word' id='word_1_72' title='bbox 1349 1245 1416 1310; x_wconf 92' lang='lat' dir='ltr'>Dei</span> 
     </span>
     <span class='ocr_line' id='line_1_13' title="bbox 298 1334 1453 1419; baseline 0.003 -21"><span class='ocrx_word' id='word_1_73' title='bbox 298 1334 475 1418; x_wconf 82' lang='lat' dir='ltr'>genitricis</span> <span class='ocrx_word' id='word_1_74' title='bbox 505 1354 705 1419; x_wconf 86' lang='lat' dir='ltr'>semperque</span> <span class='ocrx_word' id='word_1_75' title='bbox 736 1334 877 1418; x_wconf 83' lang='lat' dir='ltr'>virginis</span> <span class='ocrx_word' id='word_1_76' title='bbox 907 1334 1017 1400; x_wconf 88' lang='lat' dir='ltr'>Marie</span> <span class='ocrx_word' id='word_1_77' title='bbox 1047 1338 1082 1398; x_wconf 93' lang='lat' dir='ltr'>et</span> <span class='ocrx_word' id='word_1_78' title='bbox 1108 1335 1453 1401; x_wconf 83' lang='lat' dir='ltr'>omniumsancto·1o</span> 
     </span>
     <span class='ocr_line' id='line_1_14' title="bbox 297 1429 1415 1504; baseline 0 -18"><span class='ocrx_word' id='word_1_79' title='bbox 297 1443 384 1486; x_wconf 91' lang='lat' dir='ltr'>rum.</span> <span class='ocrx_word' id='word_1_80' title='bbox 415 1429 483 1486; x_wconf 89' lang='lat' dir='ltr'>Hee</span> <span class='ocrx_word' id='word_1_81' title='bbox 497 1433 604 1487; x_wconf 91' lang='lat' dir='ltr'>autem</span> <span class='ocrx_word' id='word_1_82' title='bbox 620 1429 749 1504; x_wconf 89' lang='lat' dir='ltr'>reliquie</span> <span class='ocrx_word' id='word_1_83' title='bbox 767 1433 949 1487; x_wconf 88' lang='lat' dir='ltr'>sanctorum</span> <span class='ocrx_word' id='word_1_84' title='bbox 965 1430 1167 1488; x_wconf 84' lang='lat' dir='ltr'>continentur</span> <span class='ocrx_word' id='word_1_85' title='bbox 1185 1429 1242 1486; x_wconf 92' lang='lat' dir='ltr'>ibi:</span> <span class='ocrx_word' id='word_1_86' title='bbox 1268 1429 1315 1486; x_wconf 93' lang='lat' dir='ltr'>De</span> <span class='ocrx_word' id='word_1_87' title='bbox 1330 1429 1415 1504; x_wconf 86' lang='lat' dir='ltr'>ligno</span> 
     </span>
    </p>
   </div>
   <div class='ocr_carea' id='block_1_7' title="bbox 259 1517 1415 1593">
    <p class='ocr_par' dir='ltr' id='par_1_7' title="bbox 259 1517 1415 1593">
     <span class='ocr_line' id='line_1_15' title="bbox 259 1517 1415 1593; baseline 0.001 -19"><span class='ocrx_word' id='word_1_88' title='bbox 259 1529 261 1533; x_wconf 87' lang='grc'><em>·</em></span> <span class='ocrx_word' id='word_1_89' title='bbox 298 1517 433 1586; x_wconf 91' lang='lat' dir='ltr'>Domini,</span> <span class='ocrx_word' id='word_1_90' title='bbox 458 1517 497 1576; x_wconf 88' lang='lat' dir='ltr'>de</span> <span class='ocrx_word' id='word_1_91' title='bbox 520 1519 685 1593; x_wconf 89' lang='lat' dir='ltr'>sepulchro</span> <span class='ocrx_word' id='word_1_92' title='bbox 700 1518 837 1586; x_wconf 87' lang='lat' dir='ltr'>Domini,</span> <span class='ocrx_word' id='word_1_93' title='bbox 861 1518 901 1576; x_wconf 90' lang='lat' dir='ltr'>de</span> <span class='ocrx_word' id='word_1_94' title='bbox 917 1519 1114 1576; x_wconf 88' lang='lat' dir='ltr'>vestimentis</span> <span class='ocrx_word' id='word_1_95' title='bbox 1138 1518 1275 1587; x_wconf 89' lang='lat' dir='ltr'>Domini,</span> <span class='ocrx_word' id='word_1_96' title='bbox 1291 1518 1331 1575; x_wconf 88' lang='lat' dir='ltr'>de</span> <span class='ocrx_word' id='word_1_97' title='bbox 1347 1518 1415 1575; x_wconf 91' lang='lat' dir='ltr'>oleo</span> 
     </span>
    </p>
   </div>
   <div class='ocr_carea' id='block_1_8' title="bbox 218 2241 288 2289">
    <p class='ocr_par' dir='ltr' id='par_1_8' title="bbox 218 2241 288 2289">
     <span class='ocr_line' id='line_1_16' title="bbox 218 2241 288 2289; baseline 0.057 -7"><span class='ocrx_word' id='word_1_98' title='bbox 218 2241 288 2289; x_wconf 55' lang='lat'><strong>¹5⁷⁵.</strong></span> 
     </span>
    </p>
   </div>
   <div class='ocr_carea' id='block_1_9' title="bbox 295 1606 1452 2659">
    <p class='ocr_par' dir='ltr' id='par_1_9' title="bbox 295 1606 1452 2659">
     <span class='ocr_line' id='line_1_17' title="bbox 297 1606 1416 1682; baseline 0.001 -19"><span class='ocrx_word' id='word_1_99' title='bbox 297 1611 406 1664; x_wconf 91' lang='lat' dir='ltr'>sancte</span> <span class='ocrx_word' id='word_1_100' title='bbox 421 1606 529 1676; x_wconf 85' lang='lat' dir='ltr'>Marie,</span> <span class='ocrx_word' id='word_1_101' title='bbox 545 1606 695 1665; x_wconf 78' lang='lat' dir='ltr'>Iohannis</span> <span class='ocrx_word' id='word_1_102' title='bbox 710 1607 858 1682; x_wconf 87' lang='lat' dir='ltr'>baptiste.</span> <span class='ocrx_word' id='word_1_103' title='bbox 882 1606 1069 1665; x_wconf 81' lang='lat' dir='ltr'>Sanctorum</span> <span class='ocrx_word' id='word_1_104' title='bbox 1084 1607 1313 1682; x_wconf 89' lang='lat' dir='ltr'>apostolorum:</span> <span class='ocrx_word' id='word_1_105' title='bbox 1331 1606 1416 1664; x_wconf 85' lang='lat' dir='ltr'>Petri</span> 
     </span>
     <span class='ocr_line' id='line_1_18' title="bbox 297 1695 1415 1772; baseline 0.001 -19"><span class='ocrx_word' id='word_1_106' title='bbox 297 1698 330 1753; x_wconf 91' lang='lat' dir='ltr'>et</span> <span class='ocrx_word' id='word_1_107' title='bbox 344 1695 443 1764; x_wconf 89' lang='lat' dir='ltr'>Pauli,</span> <span class='ocrx_word' id='word_1_108' title='bbox 466 1695 602 1764; x_wconf 86' lang='lat' dir='ltr'>Andree,</span> <span class='ocrx_word' id='word_1_109' title='bbox 625 1695 776 1753; x_wconf 84' lang='lat' dir='ltr'>Iohannis</span> <span class='ocrx_word' id='word_1_110' title='bbox 791 1696 1003 1772; x_wconf 84' lang='lat' dir='ltr'>ewangeliste,</span> <span class='ocrx_word' id='word_1_111' title='bbox 1026 1695 1141 1765; x_wconf 86' lang='lat' dir='ltr'>Iacobi,</span> <span class='ocrx_word' id='word_1_112' title='bbox 1162 1696 1260 1754; x_wconf 81' lang='lat' dir='ltr'>Marci</span> <span class='ocrx_word' id='word_1_113' title='bbox 1274 1713 1415 1772; x_wconf 84' lang='lat' dir='ltr'>ewange-</span> 
     </span>
     <span class='ocr_line' id='line_1_19' title="bbox 296 1783 1452 1860; baseline 0.002 -19"><span class='ocrx_word' id='word_1_114' title='bbox 296 1783 377 1842; x_wconf 86' lang='lat' dir='ltr'>liste.</span> <span class='ocrx_word' id='word_1_115' title='bbox 395 1783 582 1842; x_wconf 84' lang='lat' dir='ltr'>Sanctorum</span> <span class='ocrx_word' id='word_1_116' title='bbox 594 1787 782 1858; x_wconf 86' lang='lat' dir='ltr'>martyrum:</span> <span class='ocrx_word' id='word_1_117' title='bbox 801 1783 953 1860; x_wconf 82' lang='lat' dir='ltr'>Stephani</span> <span class='ocrx_word' id='word_1_118' title='bbox 967 1785 1238 1860; x_wconf 88' lang='lat' dir='ltr'>prothomartyris,</span> <span class='ocrx_word' id='word_1_119' title='bbox 1254 1784 1414 1842; x_wconf 84' lang='lat' dir='ltr'>Laurentii</span> <span class='ocrx_word' id='word_1_120' title='bbox 1425 1804 1452 1844; x_wconf 79' lang='lat' dir='ltr'>rs</span> 
     </span>
     <span class='ocr_line' id='line_1_20' title="bbox 297 1873 1414 1950; baseline 0.003 -22"><span class='ocrx_word' id='word_1_121' title='bbox 297 1873 454 1946; x_wconf 85' lang='lat' dir='ltr'>martyris,</span> <span class='ocrx_word' id='word_1_122' title='bbox 480 1873 594 1931; x_wconf 85' lang='lat' dir='ltr'>Abdon</span> <span class='ocrx_word' id='word_1_123' title='bbox 617 1877 650 1930; x_wconf 91' lang='lat' dir='ltr'>et</span> <span class='ocrx_word' id='word_1_124' title='bbox 672 1873 808 1942; x_wconf 84' lang='lat' dir='ltr'>Sennen,</span> <span class='ocrx_word' id='word_1_125' title='bbox 836 1874 875 1931; x_wconf 89' lang='lat' dir='ltr'>de</span> <span class='ocrx_word' id='word_1_126' title='bbox 898 1874 1020 1950; x_wconf 82' lang='lat' dir='ltr'>legione</span> <span class='ocrx_word' id='word_1_127' title='bbox 1042 1873 1249 1942; x_wconf 89' lang='lat' dir='ltr'>Thebeorum,</span> <span class='ocrx_word' id='word_1_128' title='bbox 1273 1873 1414 1932; x_wconf 89' lang='lat' dir='ltr'>Nicome-</span> 
     </span>
     <span class='ocr_line' id='line_1_21' title="bbox 298 1949 1413 2037; baseline 0.002 -19"><span class='ocrx_word' id='word_1_129' title='bbox 298 1961 346 2018; x_wconf 89' lang='lat' dir='ltr'>dis</span> <span class='ocrx_word' id='word_1_130' title='bbox 380 1961 538 2035; x_wconf 89' lang='lat' dir='ltr'>martyris,</span> <span class='ocrx_word' id='word_1_131' title='bbox 570 1959 704 2037; x_wconf 78' lang='lat' dir='ltr'>Crispini</span> <span class='ocrx_word' id='word_1_132' title='bbox 738 1965 771 2020; x_wconf 92' lang='lat' dir='ltr'>et</span> <span class='ocrx_word' id='word_1_133' title='bbox 800 1961 989 2037; x_wconf 83' lang='lat' dir='ltr'>Crispiniani</span> <span class='ocrx_word' id='word_1_134' title='bbox 1022 1949 1233 2036; x_wconf 69' lang='lat' dir='ltr'>martyrumb,</span> <span class='ocrx_word' id='word_1_135' title='bbox 1266 1962 1413 2020; x_wconf 85' lang='lat' dir='ltr'>Basilidis</span> 
     </span>
     <span class='ocr_line' id='line_1_22' title="bbox 296 2039 1414 2126; baseline 0.002 -20"><span class='ocrx_word' id='word_1_136' title='bbox 296 2051 455 2124; x_wconf 88' lang='lat' dir='ltr'>martyris,</span> <span class='ocrx_word' id='word_1_137' title='bbox 478 2050 587 2107; x_wconf 91' lang='lat' dir='ltr'>Prothi</span> <span class='ocrx_word' id='word_1_138' title='bbox 616 2055 649 2108; x_wconf 90' lang='lat' dir='ltr'>et</span> <span class='ocrx_word' id='word_1_139' title='bbox 671 2051 801 2109; x_wconf 83' lang='lat' dir='ltr'>lacincti</span> <span class='ocrx_word' id='word_1_140' title='bbox 830 2039 1040 2126; x_wconf 70' lang='lat' dir='ltr'>marrymmb,</span> <span class='ocrx_word' id='word_1_141' title='bbox 1065 2051 1192 2110; x_wconf 88' lang='lat' dir='ltr'>Eusebii</span> <span class='ocrx_word' id='word_1_142' title='bbox 1221 2052 1358 2126; x_wconf 89' lang='lat' dir='ltr'>episcopi</span> <span class='ocrx_word' id='word_1_143' title='bbox 1380 2057 1414 2109; x_wconf 87' lang='lat' dir='ltr'>et</span> 
     </span>
     <span class='ocr_line' id='line_1_23' title="bbox 297 2138 1413 2215; baseline 0.001 -20"><span class='ocrx_word' id='word_1_144' title='bbox 297 2140 454 2213; x_wconf 86' lang='lat' dir='ltr'>martyris,</span> <span class='ocrx_word' id='word_1_145' title='bbox 479 2138 544 2196; x_wconf 87' lang='lat' dir='ltr'>Viti</span> <span class='ocrx_word' id='word_1_146' title='bbox 567 2140 724 2213; x_wconf 87' lang='lat' dir='ltr'>martyris,</span> <span class='ocrx_word' id='word_1_147' title='bbox 749 2143 931 2198; x_wconf 87' lang='lat' dir='ltr'>sanctorum</span> <span class='ocrx_word' id='word_1_148' title='bbox 953 2141 1145 2210; x_wconf 88' lang='lat' dir='ltr'>Maurorum,</span> <span class='ocrx_word' id='word_1_149' title='bbox 1169 2140 1328 2198; x_wconf 87' lang='lat' dir='ltr'>Laurentii</span> <span class='ocrx_word' id='word_1_150' title='bbox 1351 2141 1413 2215; x_wconf 91' lang='lat' dir='ltr'>epi·</span> 
     </span>
     <span class='ocr_line' id='line_1_24' title="bbox 297 2223 1451 2304; baseline 0.002 -20"><span class='ocrx_word' id='word_1_151' title='bbox 297 2228 383 2302; x_wconf 91' lang='lat' dir='ltr'>scopi</span> <span class='ocrx_word' id='word_1_152' title='bbox 406 2232 439 2285; x_wconf 91' lang='lat' dir='ltr'>et</span> <span class='ocrx_word' id='word_1_153' title='bbox 461 2228 619 2302; x_wconf 85' lang='lat' dir='ltr'>martyris,</span> <span class='ocrx_word' id='word_1_154' title='bbox 642 2228 739 2285; x_wconf 87' lang='lat' dir='ltr'>Blasii</span> <span class='ocrx_word' id='word_1_155' title='bbox 762 2229 899 2304; x_wconf 86' lang='lat' dir='ltr'>episcopi</span> <span class='ocrx_word' id='word_1_156' title='bbox 922 2233 955 2287; x_wconf 91' lang='lat' dir='ltr'>et</span> <span class='ocrx_word' id='word_1_157' title='bbox 976 2229 1135 2303; x_wconf 84' lang='lat' dir='ltr'>martyris,</span> <span class='ocrx_word' id='word_1_158' title='bbox 1159 2229 1321 2287; x_wconf 89' lang='lat' dir='ltr'>Adelberti</span> <span class='ocrx_word' id='word_1_159' title='bbox 1337 2223 1451 2304; x_wconf 75' lang='lat' dir='ltr'>&#39;epi-so</span> 
     </span>
     <span class='ocr_line' id='line_1_25' title="bbox 297 2317 1414 2393; baseline 0.002 -20"><span class='ocrx_word' id='word_1_160' title='bbox 297 2317 382 2390; x_wconf 91' lang='lat' dir='ltr'>scopi</span> <span class='ocrx_word' id='word_1_161' title='bbox 413 2320 445 2374; x_wconf 83' lang='lat' dir='ltr'>et</span> <span class='ocrx_word' id='word_1_162' title='bbox 472 2318 630 2391; x_wconf 86' lang='lat' dir='ltr'>martyris,</span> <span class='ocrx_word' id='word_1_163' title='bbox 660 2317 848 2392; x_wconf 87' lang='lat' dir='ltr'>Apollinaris</span> <span class='ocrx_word' id='word_1_164' title='bbox 878 2318 1016 2393; x_wconf 90' lang='lat' dir='ltr'>episcopi</span> <span class='ocrx_word' id='word_1_165' title='bbox 1044 2323 1077 2376; x_wconf 92' lang='lat' dir='ltr'>et</span> <span class='ocrx_word' id='word_1_166' title='bbox 1106 2319 1263 2392; x_wconf 86' lang='lat' dir='ltr'>martyris,</span> <span class='ocrx_word' id='word_1_167' title='bbox 1294 2318 1414 2375; x_wconf 82' lang='lat' dir='ltr'>Kalixti</span> 
     </span>
     <span class='ocr_line' id='line_1_26' title="bbox 296 2394 1410 2481; baseline 0.003 -19"><span class='ocrx_word' id='word_1_168' title='bbox 296 2421 376 2480; x_wconf 88' lang='lat' dir='ltr'>pape</span> <span class='ocrx_word' id='word_1_169' title='bbox 406 2409 439 2463; x_wconf 93' lang='lat' dir='ltr'>et</span> <span class='ocrx_word' id='word_1_170' title='bbox 469 2407 628 2480; x_wconf 85' lang='lat' dir='ltr'>martyris,</span> <span class='ocrx_word' id='word_1_171' title='bbox 660 2406 801 2464; x_wconf 89' lang='lat' dir='ltr'>Processi</span> <span class='ocrx_word' id='word_1_172' title='bbox 831 2410 864 2464; x_wconf 94' lang='lat' dir='ltr'>et</span> <span class='ocrx_word' id='word_1_173' title='bbox 891 2406 1073 2464; x_wconf 88' lang='lat' dir='ltr'>Martiniani</span> <span class='ocrx_word' id='word_1_174' title='bbox 1102 2394 1313 2481; x_wconf 69' lang='lat' dir='ltr'>martyrumb,</span> <span class='ocrx_word' id='word_1_175' title='bbox 1345 2404 1410 2465; x_wconf 85' lang='lat' dir='ltr'>Cle·</span> 
     </span>
     <span class='ocr_line' id='line_1_27' title="bbox 295 2494 1411 2571; baseline 0.001 -20"><span class='ocrx_word' id='word_1_176' title='bbox 295 2494 411 2552; x_wconf 86' lang='lat' dir='ltr'>mentis</span> <span class='ocrx_word' id='word_1_177' title='bbox 434 2511 515 2569; x_wconf 87' lang='lat' dir='ltr'>pape</span> <span class='ocrx_word' id='word_1_178' title='bbox 538 2499 571 2552; x_wconf 90' lang='lat' dir='ltr'>et</span> <span class='ocrx_word' id='word_1_179' title='bbox 593 2495 750 2569; x_wconf 87' lang='lat' dir='ltr'>martyris,</span> <span class='ocrx_word' id='word_1_180' title='bbox 774 2495 975 2553; x_wconf 88' lang='lat' dir='ltr'>Pantaleonis</span> <span class='ocrx_word' id='word_1_181' title='bbox 998 2497 1155 2569; x_wconf 86' lang='lat' dir='ltr'>martyris,</span> <span class='ocrx_word' id='word_1_182' title='bbox 1180 2495 1332 2571; x_wconf 83' lang='lat' dir='ltr'>Policarpi</span> <span class='ocrx_word' id='word_1_183' title='bbox 1350 2496 1411 2571; x_wconf 92' lang='lat' dir='ltr'>epi·</span> 
     </span>
     <span class='ocr_line' id='line_1_28' title="bbox 295 2572 1412 2659; baseline 0.002 -19"><span class='ocrx_word' id='word_1_184' title='bbox 295 2583 381 2658; x_wconf 91' lang='lat' dir='ltr'>scopi</span> <span class='ocrx_word' id='word_1_185' title='bbox 411 2587 444 2641; x_wconf 90' lang='lat' dir='ltr'>et</span> <span class='ocrx_word' id='word_1_186' title='bbox 475 2584 633 2658; x_wconf 80' lang='lat' dir='ltr'>martyris,</span> <span class='ocrx_word' id='word_1_187' title='bbox 664 2583 775 2641; x_wconf 86' lang='lat' dir='ltr'>Felicis</span> <span class='ocrx_word' id='word_1_188' title='bbox 805 2587 838 2641; x_wconf 89' lang='lat' dir='ltr'>et</span> <span class='ocrx_word' id='word_1_189' title='bbox 867 2585 1003 2642; x_wconf 88' lang='lat' dir='ltr'>Adaueti</span> <span class='ocrx_word' id='word_1_190' title='bbox 1036 2572 1247 2659; x_wconf 66' lang='lat' dir='ltr'>martyrumb,</span> <span class='ocrx_word' id='word_1_191' title='bbox 1280 2585 1412 2642; x_wconf 88' lang='lat' dir='ltr'>Dionisii</span> 
     </span>
    </p>
   </div>
   <div class='ocr_carea' id='block_1_10' title="bbox 172 2660 1449 2748">
    <p class='ocr_par' dir='ltr' id='par_1_10' title="bbox 172 2660 1449 2748">
     <span class='ocr_line' id='line_1_29' title="bbox 172 2660 1449 2748; baseline 0.001 -20"><span class='ocrx_word' id='word_1_192' title='bbox 172 2665 176 2674; x_wconf 85' lang='lat'>&#39;</span> <span class='ocrx_word' id='word_1_193' title='bbox 295 2673 453 2746; x_wconf 85' lang='lat' dir='ltr'>martyris,</span> <span class='ocrx_word' id='word_1_194' title='bbox 478 2671 627 2730; x_wconf 84' lang='lat' dir='ltr'>Gereonis</span> <span class='ocrx_word' id='word_1_195' title='bbox 643 2673 801 2746; x_wconf 74' lang='lat' dir='ltr'>martyris,</span> <span class='ocrx_word' id='word_1_196' title='bbox 825 2671 968 2730; x_wconf 83' lang='lat' dir='ltr'>Gervasii</span> <span class='ocrx_word' id='word_1_197' title='bbox 982 2677 1015 2731; x_wconf 88' lang='lat' dir='ltr'>et</span> <span class='ocrx_word' id='word_1_198' title='bbox 1029 2673 1185 2731; x_wconf 89' lang='lat' dir='ltr'>Prothasii</span> <span class='ocrx_word' id='word_1_199' title='bbox 1200 2660 1410 2748; x_wconf 65' lang='lat' dir='ltr'>martyruml,</span> <span class='ocrx_word' id='word_1_200' title='bbox 1421 2689 1449 2729; x_wconf 77' lang='lat' dir='ltr'>se</span> 
     </span>
    </p>
   </div>
   <div class='ocr_carea' id='block_1_11' title="bbox 202 3291 284 3409">
    <p class='ocr_par' dir='ltr' id='par_1_11' title="bbox 202 3291 284 3409">
     <span class='ocr_line' id='line_1_30' title="bbox 207 3291 284 3344; baseline -0.013 0"><span class='ocrx_word' id='word_1_201' title='bbox 207 3291 284 3344; x_wconf 82' lang='lat'>1420.</span> 
     </span>
     <span class='ocr_line' id='line_1_31' title="bbox 202 3361 283 3409; baseline 0.037 -11"><span class='ocrx_word' id='word_1_202' title='bbox 202 3361 283 3409; x_wconf 64' lang='lat' dir='ltr'>mr.</span> 
     </span>
    </p>
   </div>
   <div class='ocr_carea' id='block_1_12' title="bbox 295 2760 1411 3104">
    <p class='ocr_par' dir='ltr' id='par_1_12' title="bbox 295 2760 1411 3104">
     <span class='ocr_line' id='line_1_32' title="bbox 295 2760 1409 2837; baseline 0.001 -20"><span class='ocrx_word' id='word_1_203' title='bbox 295 2760 391 2817; x_wconf 89' lang='lat' dir='ltr'>Primi</span> <span class='ocrx_word' id='word_1_204' title='bbox 414 2765 447 2818; x_wconf 89' lang='lat' dir='ltr'>et</span> <span class='ocrx_word' id='word_1_205' title='bbox 469 2761 627 2830; x_wconf 86' lang='lat' dir='ltr'>Feliciaui,</span> <span class='ocrx_word' id='word_1_206' title='bbox 658 2761 825 2830; x_wconf 81' lang='lat' dir='ltr'>PancratiI,</span> <span class='ocrx_word' id='word_1_207' title='bbox 849 2761 968 2819; x_wconf 92' lang='lat' dir='ltr'>Urbani</span> <span class='ocrx_word' id='word_1_208' title='bbox 997 2779 1089 2837; x_wconf 90' lang='lat' dir='ltr'>pape,</span> <span class='ocrx_word' id='word_1_209' title='bbox 1119 2761 1217 2837; x_wconf 82' lang='lat' dir='ltr'>Sergii</span> <span class='ocrx_word' id='word_1_210' title='bbox 1247 2765 1281 2820; x_wconf 89' lang='lat' dir='ltr'>et</span> <span class='ocrx_word' id='word_1_211' title='bbox 1302 2761 1409 2830; x_wconf 87' lang='lat' dir='ltr'>Bachi,</span> 
     </span>
     <span class='ocr_line' id='line_1_33' title="bbox 295 2848 1411 2926; baseline 0.002 -20"><span class='ocrx_word' id='word_1_212' title='bbox 295 2849 451 2906; x_wconf 81' lang='lat' dir='ltr'>Thiburtii</span> <span class='ocrx_word' id='word_1_213' title='bbox 473 2850 631 2923; x_wconf 89' lang='lat' dir='ltr'>martyris,</span> <span class='ocrx_word' id='word_1_214' title='bbox 656 2848 808 2925; x_wconf 87' lang='lat' dir='ltr'>Stephani</span> <span class='ocrx_word' id='word_1_215' title='bbox 837 2867 917 2926; x_wconf 89' lang='lat' dir='ltr'>pape</span> <span class='ocrx_word' id='word_1_216' title='bbox 940 2854 974 2908; x_wconf 90' lang='lat' dir='ltr'>et</span> <span class='ocrx_word' id='word_1_217' title='bbox 995 2852 1153 2925; x_wconf 81' lang='lat' dir='ltr'>martyrIs,</span> <span class='ocrx_word' id='word_1_218' title='bbox 1177 2851 1306 2909; x_wconf 87' lang='lat' dir='ltr'>Fabiani</span> <span class='ocrx_word' id='word_1_219' title='bbox 1330 2867 1411 2926; x_wconf 84' lang='lat' dir='ltr'>pape</span> 
     </span>
     <span class='ocr_line' id='line_1_34' title="bbox 295 2933 1411 3014; baseline 0.003 -20"><span class='ocrx_word' id='word_1_220' title='bbox 295 2941 328 2995; x_wconf 91' lang='lat' dir='ltr'>et</span> <span class='ocrx_word' id='word_1_221' title='bbox 345 2939 503 3012; x_wconf 85' lang='lat' dir='ltr'>martyris,</span> <span class='ocrx_word' id='word_1_222' title='bbox 526 2937 703 2995; x_wconf 79' lang='lat' dir='ltr'>Sebastiani</span> <span class='ocrx_word' id='word_1_223' title='bbox 718 2933 877 3014; x_wconf 80' lang='lat' dir='ltr'>martyris,</span> <span class='ocrx_word' id='word_1_224' title='bbox 902 2937 1046 2997; x_wconf 85' lang='lat' dir='ltr'>Cassiani</span> <span class='ocrx_word' id='word_1_225' title='bbox 1060 2941 1218 3014; x_wconf 85' lang='lat' dir='ltr'>martyris,</span> <span class='ocrx_word' id='word_1_226' title='bbox 1242 2938 1355 2998; x_wconf 85' lang='lat' dir='ltr'>Oosme</span> <span class='ocrx_word' id='word_1_227' title='bbox 1378 2945 1411 2998; x_wconf 88' lang='lat' dir='ltr'>et</span> 
     </span>
     <span class='ocr_line' id='line_1_35' title="bbox 295 3025 1411 3104; baseline 0.004 -22"><span class='ocrx_word' id='word_1_228' title='bbox 295 3025 451 3096; x_wconf 88' lang='lat' dir='ltr'>Damiani,</span> <span class='ocrx_word' id='word_1_229' title='bbox 482 3027 640 3096; x_wconf 87' lang='lat' dir='ltr'>Pontiani,</span> <span class='ocrx_word' id='word_1_230' title='bbox 672 3025 825 3098; x_wconf 87' lang='lat' dir='ltr'>Quintini,</span> <span class='ocrx_word' id='word_1_231' title='bbox 857 3026 1051 3097; x_wconf 77' lang='lat' dir='ltr'>christofori,</span> <span class='ocrx_word' id='word_1_232' title='bbox 1082 3027 1299 3104; x_wconf 82' lang='lat' dir='ltr'>Quadraginta</span> <span class='ocrx_word' id='word_1_233' title='bbox 1333 3029 1411 3086; x_wconf 87' lang='lat' dir='ltr'>mili-</span> 
     </span>
    </p>
   </div>
   <div class='ocr_carea' id='block_1_13' title="bbox 407 3227 1451 3732">
    <p class='ocr_par' dir='ltr' id='par_1_13' title="bbox 407 3227 1451 3732">
     <span class='ocr_line' id='line_1_36' title="bbox 407 3227 1450 3296; baseline 0.001 -16"><span class='ocrx_word' id='word_1_234' title='bbox 407 3227 432 3296; x_wconf 81' lang='lat'>*)</span> <span class='ocrx_word' id='word_1_235' title='bbox 451 3228 486 3280; x_wconf 84' lang='lat' dir='ltr'>In</span> <span class='ocrx_word' id='word_1_236' title='bbox 498 3228 551 3283; x_wconf 80' lang='lat' dir='ltr'>cod.</span> <span class='ocrx_word' id='word_1_237' title='bbox 570 3229 593 3292; x_wconf 79' lang='lat' dir='ltr'>f.</span> <span class='ocrx_word' id='word_1_238' title='bbox 606 3227 640 3284; x_wconf 75' lang='grc' dir='ltr'>θ’.</span> <span class='ocrx_word' id='word_1_239' title='bbox 660 3230 690 3280; x_wconf 79' lang='lat' dir='ltr'>in</span> <span class='ocrx_word' id='word_1_240' title='bbox 708 3231 845 3296; x_wconf 68' lang='lat' dir='ltr'>ruperam</span> <span class='ocrx_word' id='word_1_241' title='bbox 862 3245 948 3296; x_wconf 68' lang='lat' dir='ltr'>marc.</span> <span class='ocrx_word' id='word_1_242' title='bbox 968 3247 1052 3283; x_wconf 78' lang='lat' dir='ltr'>manu</span> <span class='ocrx_word' id='word_1_243' title='bbox 1070 3249 1091 3285; x_wconf 82' lang='lat' dir='ltr'>s.</span> <span class='ocrx_word' id='word_1_244' title='bbox 1104 3232 1135 3284; x_wconf 89' lang='lat' dir='ltr'><em>X</em></span> <span class='ocrx_word' id='word_1_245' title='bbox 1139 3233 1166 3284; x_wconf 84' lang='lat' dir='ltr'>V.</span> <span class='ocrx_word' id='word_1_246' title='bbox 1185 3231 1342 3284; x_wconf 64' lang='lat' dir='ltr'>decimum</span> <span class='ocrx_word' id='word_1_247' title='bbox 1360 3236 1450 3288; x_wconf 62' lang='lat' dir='ltr'>eet-so</span> 
     </span>
     <span class='ocr_line' id='line_1_37' title="bbox 454 3305 1411 3372; baseline 0.004 -6"><span class='ocrx_word' id='word_1_248' title='bbox 454 3311 546 3367; x_wconf 90' lang='lat' dir='ltr'>Anno</span> <span class='ocrx_word' id='word_1_249' title='bbox 580 3311 708 3367; x_wconf 90' lang='lat' dir='ltr'>Domini</span> <span class='ocrx_word' id='word_1_250' title='bbox 742 3305 963 3370; x_wconf 82' lang='lat' dir='ltr'><strong>MOGGO⁰XX.</strong></span> <span class='ocrx_word' id='word_1_251' title='bbox 999 3313 1032 3370; x_wconf 92' lang='lat' dir='ltr'>in</span> <span class='ocrx_word' id='word_1_252' title='bbox 1064 3312 1114 3370; x_wconf 89' lang='lat' dir='ltr'>die</span> <span class='ocrx_word' id='word_1_253' title='bbox 1141 3313 1275 3372; x_wconf 89' lang='lat' dir='ltr'>Vincula</span> <span class='ocrx_word' id='word_1_254' title='bbox 1309 3314 1411 3371; x_wconf 89' lang='lat' dir='ltr'>sancti</span> 
     </span>
     <span class='ocr_line' id='line_1_38' title="bbox 453 3398 1411 3477; baseline 0.002 -21"><span class='ocrx_word' id='word_1_255' title='bbox 453 3398 537 3456; x_wconf 91' lang='lat' dir='ltr'>Petri</span> <span class='ocrx_word' id='word_1_256' title='bbox 571 3399 633 3457; x_wconf 86' lang='lat' dir='ltr'>iuit</span> <span class='ocrx_word' id='word_1_257' title='bbox 666 3399 866 3470; x_wconf 88' lang='lat' dir='ltr'>conbustum,</span> <span class='ocrx_word' id='word_1_258' title='bbox 898 3405 930 3458; x_wconf 86' lang='lat' dir='ltr'>et</span> <span class='ocrx_word' id='word_1_259' title='bbox 964 3404 1041 3460; x_wconf 89' lang='lat' dir='ltr'>tune</span> <span class='ocrx_word' id='word_1_260' title='bbox 1071 3402 1331 3477; x_wconf 84' lang='lat' dir='ltr'>nunccupabatur</span> <span class='ocrx_word' id='word_1_261' title='bbox 1359 3402 1411 3459; x_wconf 90' lang='lat' dir='ltr'>Ad</span> 
     </span>
     <span class='ocr_line' id='line_1_39' title="bbox 453 3490 1410 3566; baseline 0.004 -22"><span class='ocrx_word' id='word_1_262' title='bbox 453 3504 562 3544; x_wconf 88' lang='lat' dir='ltr'>omnes</span> <span class='ocrx_word' id='word_1_263' title='bbox 587 3491 713 3546; x_wconf 88' lang='lat' dir='ltr'>sanctos</span> <span class='ocrx_word' id='word_1_264' title='bbox 737 3505 832 3564; x_wconf 88' lang='lat' dir='ltr'>supra</span> <span class='ocrx_word' id='word_1_265' title='bbox 855 3490 1015 3548; x_wconf 86' lang='lat' dir='ltr'>testudine</span> <span class='ocrx_word' id='word_1_266' title='bbox 1038 3495 1120 3549; x_wconf 92' lang='lat' dir='ltr'>retro</span> <span class='ocrx_word' id='word_1_267' title='bbox 1144 3507 1269 3566; x_wconf 83' lang='lat' dir='ltr'>organa.</span> <span class='ocrx_word' id='word_1_268' title='bbox 1318 3492 1410 3548; x_wconf 86' lang='lat' dir='ltr'>Anno</span> 
     </span>
     <span class='ocr_line' id='line_1_40' title="bbox 452 3569 1411 3655; baseline 0.003 -22"><span class='ocrx_word' id='word_1_269' title='bbox 452 3569 736 3634; x_wconf 70' lang='lat' dir='ltr'>M⁰ccoo⁰xxnu</span> <span class='ocrx_word' id='word_1_270' title='bbox 753 3577 970 3637; x_wconf 78' lang='lat' dir='ltr'>reconciliata⁰</span> <span class='ocrx_word' id='word_1_271' title='bbox 989 3582 1039 3637; x_wconf 88' lang='lat' dir='ltr'>est</span> <span class='ocrx_word' id='word_1_272' title='bbox 1053 3580 1164 3638; x_wconf 88' lang='lat' dir='ltr'>eadem</span> <span class='ocrx_word' id='word_1_273' title='bbox 1180 3569 1320 3655; x_wconf 69' lang='lat' dir='ltr'>capella‘l</span> <span class='ocrx_word' id='word_1_274' title='bbox 1339 3596 1411 3638; x_wconf 89' lang='lat' dir='ltr'>con·</span> 
     </span>
     <span class='ocr_line' id='line_1_41' title="bbox 451 3665 1451 3732; baseline 0.01 -10"><span class='ocrx_word' id='word_1_275' title='bbox 451 3665 677 3723; x_wconf 89' lang='lat' dir='ltr'>memoratione</span> <span class='ocrx_word' id='word_1_276' title='bbox 700 3667 802 3725; x_wconf 81' lang='lat' dir='ltr'>sancti</span> <span class='ocrx_word' id='word_1_277' title='bbox 824 3667 923 3726; x_wconf 89' lang='lat' dir='ltr'>Pauli.</span> <span class='ocrx_word' id='word_1_278' title='bbox 1421 3693 1451 3732; x_wconf 77' lang='lat' dir='ltr'>ss</span> 
     </span>
    </p>
   </div>
   <div class='ocr_carea' id='block_1_14' title="bbox 292 3849 1411 4008">
    <p class='ocr_par' dir='ltr' id='par_1_14' title="bbox 292 3849 1411 4008">
     <span class='ocr_line' id='line_1_42' title="bbox 292 3849 1411 3903; baseline 0.004 -16"><span class='ocrx_word' id='word_1_279' title='bbox 292 3849 314 3900; x_wconf 85' lang='lat' dir='ltr'>a)</span> <span class='ocrx_word' id='word_1_280' title='bbox 328 3850 380 3888; x_wconf 76' lang='lat' dir='ltr'>haec</span> <span class='ocrx_word' id='word_1_281' title='bbox 393 3849 471 3888; x_wconf 75' lang='lat' dir='ltr'>notitia</span> <span class='ocrx_word' id='word_1_282' title='bbox 484 3851 552 3890; x_wconf 79' lang='lat' dir='ltr'>minio</span> <span class='ocrx_word' id='word_1_283' title='bbox 565 3851 635 3889; x_wconf 77' lang='lat' dir='ltr'>delata</span> <span class='ocrx_word' id='word_1_284' title='bbox 649 3855 679 3890; x_wconf 73' lang='lat' dir='ltr'>ret</span> <span class='ocrx_word' id='word_1_285' title='bbox 693 3852 743 3898; x_wconf 75' lang='lat' dir='ltr'>eis.</span> <span class='ocrx_word' id='word_1_286' title='bbox 759 3853 790 3895; x_wconf 74' lang='lat'>7¹.</span> <span class='ocrx_word' id='word_1_287' title='bbox 809 3852 831 3889; x_wconf 80' lang='lat' dir='ltr'>In</span> <span class='ocrx_word' id='word_1_288' title='bbox 845 3864 917 3902; x_wconf 68' lang='lat' dir='ltr'>marg.</span> <span class='ocrx_word' id='word_1_289' title='bbox 932 3853 999 3892; x_wconf 76' lang='lat' dir='ltr'>minio</span> <span class='ocrx_word' id='word_1_290' title='bbox 1020 3864 1076 3893; x_wconf 73' lang='lat' dir='ltr'>saec.</span> <span class='ocrx_word' id='word_1_291' title='bbox 1091 3853 1155 3893; x_wconf 76' lang='lat' dir='ltr'><em>XVI.</em></span> <span class='ocrx_word' id='word_1_292' title='bbox 1175 3853 1321 3903; x_wconf 69' lang='lat' dir='ltr'>ademptum:</span> <span class='ocrx_word' id='word_1_293' title='bbox 1335 3854 1411 3901; x_wconf 85' lang='lat' dir='ltr'>Quon-</span> 
     </span>
     <span class='ocr_line' id='line_1_43' title="bbox 292 3901 1411 4008; baseline 0.004 -67"><span class='ocrx_word' id='word_1_294' title='bbox 292 3901 400 4008; x_wconf 49' lang='lat' dir='ltr'>rclfipptpuicp</span> <span class='ocrx_word' id='word_1_295' title='bbox 414 3903 478 4006; x_wconf 57' lang='lat' dir='ltr'>mag)</span> <span class='ocrx_word' id='word_1_296' title='bbox 492 3904 567 4007; x_wconf 47' lang='lat' dir='ltr'>arpa</span> <span class='ocrx_word' id='word_1_297' title='bbox 579 3914 649 4000; x_wconf 31' lang='lat' dir='ltr'>:uapor</span> <span class='ocrx_word' id='word_1_298' title='bbox 662 3905 744 3957; x_wconf 72' lang='lat' dir='ltr'>ruccll)</span> <span class='ocrx_word' id='word_1_299' title='bbox 756 3909 817 3945; x_wconf 82' lang='lat' dir='ltr'>retro</span> <span class='ocrx_word' id='word_1_300' title='bbox 831 3915 938 3956; x_wconf 74' lang='lat' dir='ltr'>organum</span> <span class='ocrx_word' id='word_1_301' title='bbox 953 3917 1064 3957; x_wconf 76' lang='lat' dir='ltr'>magnum.</span> <span class='ocrx_word' id='word_1_302' title='bbox 1128 3908 1150 3957; x_wconf 73' lang='lat' dir='ltr'>b)</span> <span class='ocrx_word' id='word_1_303' title='bbox 1170 3907 1191 3948; x_wconf 72' lang='lat' dir='ltr'>m</span> <span class='ocrx_word' id='word_1_304' title='bbox 1206 3919 1223 3950; x_wconf 83' lang='lat' dir='ltr'>c.</span> <span class='ocrx_word' id='word_1_305' title='bbox 1291 3909 1312 3956; x_wconf 86' lang='lat' dir='ltr'>c)</span> <span class='ocrx_word' id='word_1_306' title='bbox 1333 3917 1411 3947; x_wconf 84' lang='lat' dir='ltr'>recon-</span> 
     </span>
    </p>
   </div>
   <div class='ocr_carea' id='block_1_15' title="bbox 291 4115 1450 4392">
    <p class='ocr_par' dir='ltr' id='par_1_15' title="bbox 291 4115 1450 4392">
     <span class='ocr_line' id='line_1_44' title="bbox 294 4115 1412 4186; baseline 0.003 -15"><span class='ocrx_word' id='word_1_307' title='bbox 294 4118 318 4182; x_wconf 85' lang='lat'>1)</span> <span class='ocrx_word' id='word_1_308' title='bbox 338 4117 464 4171; x_wconf 72' lang='grc'><strong>,4.1231.</strong></span> <span class='ocrx_word' id='word_1_309' title='bbox 484 4115 541 4180; x_wconf 76' lang='lat' dir='ltr'>fuit</span> <span class='ocrx_word' id='word_1_310' title='bbox 558 4117 669 4170; x_wconf 66' lang='lat' dir='ltr'>mietio</span> <span class='ocrx_word' id='word_1_311' title='bbox 687 4125 796 4186; x_wconf 67' lang='lat' dir='ltr'>quarto,</span> <span class='ocrx_word' id='word_1_312' title='bbox 813 4133 867 4171; x_wconf 79' lang='lat' dir='ltr'>non</span> <span class='ocrx_word' id='word_1_313' title='bbox 893 4125 991 4174; x_wconf 70' lang='lat' dir='ltr'>odora</span> <span class='ocrx_word' id='word_1_314' title='bbox 1027 4120 1152 4173; x_wconf 78' lang='lat' dir='ltr'>Fortasse</span> <span class='ocrx_word' id='word_1_315' title='bbox 1170 4137 1247 4174; x_wconf 69' lang='lat' dir='ltr'>aare</span> <span class='ocrx_word' id='word_1_316' title='bbox 1265 4137 1355 4173; x_wconf 75' lang='lat' dir='ltr'>annas</span> <span class='ocrx_word' id='word_1_317' title='bbox 1372 4129 1412 4174; x_wconf 74' lang='lat' dir='ltr'>est</span> 
     </span>
     <span class='ocr_line' id='line_1_45' title="bbox 292 4187 1450 4257; baseline 0.003 -14"><span class='ocrx_word' id='word_1_318' title='bbox 292 4189 371 4252; x_wconf 83' lang='lat'>1220,</span> <span class='ocrx_word' id='word_1_319' title='bbox 389 4201 442 4254; x_wconf 78' lang='lat' dir='ltr'>quo</span> <span class='ocrx_word' id='word_1_320' title='bbox 459 4188 515 4252; x_wconf 75' lang='lat' dir='ltr'>fuit</span> <span class='ocrx_word' id='word_1_321' title='bbox 532 4187 642 4240; x_wconf 75' lang='lat' dir='ltr'>iodr&#39;ctr&#39;o</span> <span class='ocrx_word' id='word_1_322' title='bbox 658 4188 736 4254; x_wconf 89' lang='lat' dir='ltr'><em>VIII,</em></span> <span class='ocrx_word' id='word_1_323' title='bbox 759 4197 784 4242; x_wconf 81' lang='lat' dir='ltr'>ct</span> <span class='ocrx_word' id='word_1_324' title='bbox 801 4204 853 4257; x_wconf 76' lang='lat' dir='ltr'>quo</span> <span class='ocrx_word' id='word_1_325' title='bbox 869 4190 926 4243; x_wconf 83' lang='lat' dir='ltr'>dice</span> <span class='ocrx_word' id='word_1_326' title='bbox 943 4191 1005 4245; x_wconf 81' lang='lat' dir='ltr'>Ian.</span> <span class='ocrx_word' id='word_1_327' title='bbox 1024 4193 1067 4246; x_wconf 81' lang='lat'>21.</span> <span class='ocrx_word' id='word_1_328' title='bbox 1087 4192 1142 4255; x_wconf 79' lang='lat' dir='ltr'>fuit</span> <span class='ocrx_word' id='word_1_329' title='bbox 1159 4193 1301 4246; x_wconf 76' lang='lat' dir='ltr'>dorns&#39;nica.</span> <span class='ocrx_word' id='word_1_330' title='bbox 1338 4192 1450 4248; x_wconf 76' lang='lat' dir='ltr'>Namso</span> 
     </span>
     <span class='ocr_line' id='line_1_46' title="bbox 291 4257 1412 4392; baseline 0.009 -85"><span class='ocrx_word' id='word_1_331' title='bbox 291 4257 484 4392; x_wconf 48' lang='lat' dir='ltr'>gnwihppeptp‘rpp</span> <span class='ocrx_word' id='word_1_332' title='bbox 501 4257 550 4308; x_wconf 85' lang='lat' dir='ltr'>XI</span> <span class='ocrx_word' id='word_1_333' title='bbox 573 4273 664 4312; x_wconf 76' lang='lat' dir='ltr'>errore</span> <span class='ocrx_word' id='word_1_334' title='bbox 688 4260 790 4312; x_wconf 64' lang='lat' dir='ltr'>mribus</span> <span class='ocrx_word' id='word_1_335' title='bbox 814 4261 906 4313; x_wconf 76' lang='lat' dir='ltr'>addito</span> <span class='ocrx_word' id='word_1_336' title='bbox 931 4263 968 4313; x_wconf 85' lang='lat' dir='ltr'>ad</span> <span class='ocrx_word' id='word_1_337' title='bbox 990 4262 1127 4317; x_wconf 82' lang='lat' dir='ltr'><em>MGCXX.</em></span> <span class='ocrx_word' id='word_1_338' title='bbox 1152 4264 1200 4316; x_wconf 77' lang='lat' dir='ltr'>illc</span> <span class='ocrx_word' id='word_1_339' title='bbox 1224 4279 1312 4316; x_wconf 79' lang='lat' dir='ltr'>annue</span> <span class='ocrx_word' id='word_1_340' title='bbox 1338 4263 1412 4327; x_wconf 75' lang='lat' dir='ltr'>falso</span> 
     </span>
    </p>
   </div>
   <div class='ocr_carea' id='block_1_16' title="bbox 0 0 1612 4854">
    <p class='ocr_par' dir='ltr' id='par_1_16' title="bbox 0 0 1612 4854">
     <span class='ocr_line' id='line_1_47' title="bbox 0 0 1612 4854; baseline 0 1"><span class='ocrx_word' id='word_1_341' title='bbox 0 0 1612 4854; x_wconf 95' lang='lat' dir='ltr'> </span> 
     </span>
    </p>
   </div>
  </div>
 </body>
</html>
