3228 4856
332 367 525 424 ORONIOAE
543 367 815 425 ERFORDENSES
834 367 1172 426 ENGELHUSIANAE.
1263 375 1315 430 787

194 548 323 615 cariam
345 551 506 616 tectionem
529 551 680 617 codicic2
704 572 825 616 ornnem
841 552 1087 633 praetercundo
1108 554 1223 618 urenda
1246 553 1315 618 eius

188 637 334 720 pueritia
356 645 385 704 ct
401 646 532 720 praeter
554 639 798 722 orthoaraphr'ca
820 639 982 704 adnotavi.

302 727 362 810 II)
386 727 501 794 Altera
522 748 603 810 quac
622 727 810 794 inscribitur
831 728 977 794 Oronica
996 729 1214 794 Erfordensis
1235 731 1313 796 civi·

194 816 279 879 tatio
301 815 548 898 Enyethuciana
570 823 672 882 curtat
698 815 736 882 in
758 815 862 882 codice
885 815 1023 882 ciuitatis
1045 817 1087 881 H
1089 837 1312 883 onnooera·

170 923 270 970 cnae
292 923 358 968 non
380 903 514 987 nouato,
538 905 638 970 chart.
657 905 724 986 fot„
747 904 803 986 qui
822 905 896 969 otim
914 903 979 983 fuit
997 905 1101 970 Liber
1124 911 1313 972 convenius

193 991 343 1057 fratrum
373 993 547 1058 Minorum
583 995 621 1058 in
652 993 843 1078 Gottingen
873 993 979 1070 115¹,
1016 999 1081 1058 turn
1111 993 1257 1060 eccleciae
1286 1016 1311 1060 c.

198 1078 311 1145 Orncio
333 1081 625 1162 Huuuonruuaez
656 1087 730 1146 onte
751 1081 888 1146 medium
910 1102 991 1147 saec.
1010 1082 1090 1146 XV.
1114 1102 1181 1147 una
1202 1103 1311 1165 manu,

193 1167 284 1246 fotiic
300 1169 338 1234 in
354 1168 448 1235 hinao
470 1170 633 1236 columnas
651 1169 774 1251 diuisis,
794 1170 926 1251 pulchri
948 1169 1072 1252 cuncto,
1096 1169 1181 1237 inter
1199 1192 1312 1252 appru-

193 1255 278 1322 diceo
301 1257 428 1340 Specuii
456 1259 504 1323 oet
534 1257 703 1342 Ymoainio
728 1258 841 1323 mundi
868 1257 1057 1324 Theoderici
1078 1259 1243 1342 Enaehhuc
1271 1261 1311 1326 ao

158 1367 184 1408 10
192 1343 250 1410 hoc
277 1345 347 1427 choo
375 1345 589 1428 ouhiuuctoc⁸,
620 1346 711 1412 cuiuo
734 1346 901 1429 prohoyum
928 1366 1015 1412 anno
1040 1352 1135 1411 1429.
1159 1347 1311 1430 canutum

192 1453 257 1498 cose
279 1441 389 1499 auctor
406 1435 492 1516 dicit,
516 1437 572 1500 scd
588 1434 748 1516 hiberione
764 1455 863 1516 acque
881 1437 926 1500 ad
942 1456 972 1499 a.
989 1439 1084 1498 1433.
1097 1435 1310 1516 protenditur.

193 1521 238 1585 In
259 1521 320 1587 hac
339 1521 478 1589 Granico
500 1529 645 1605 excerpta
667 1523 810 1588 chronici
825 1523 860 1588 Ε
880 1522 958 1588 dicti
977 1529 1006 1588 et
1021 1523 1191 1589 annotiurn
1206 1525 1310 1606 deper-

192 1608 339 1692 ditarum,
369 1611 407 1675 in
436 1613 538 1676 attera
565 1611 705 1677 Granico
732 1617 891 1692 separata,
921 1611 1007 1677 intcr
1035 1633 1068 1678 ce
1096 1611 1198 1677 nicta
1226 1619 1309 1694 cunt,

192 1718 230 1762 ac
246 1699 431 1781 plerumque
453 1699 579 1781 uiridem
600 1699 704 1782 macic
727 1699 869 1764 hreoiata
891 1721 986 1781 quarn
1012 1699 1050 1764 in
1071 1699 1140 1781 dtu,
1171 1707 1310 1766 attamen

156 1785 287 1850 netiarn
308 1787 346 1852 in
368 1787 428 1853 hac
450 1787 519 1852 coia
541 1794 666 1854 enatant
687 1788 843 1853 nonnulla
865 1787 902 1853 in
930 1787 990 1853 iiio
1013 1787 1139 1869 cronica,
1169 1809 1250 1871 quac
1272 1809 1311 1854 ec
1430 1813 1432 1816 ’

190 1873 338 1940 chronico
361 1877 396 1940 E
416 1875 575 1958 decuriata
596 1883 679 1958 cunt,
710 1882 739 1941 ct
767 1897 832 1941 non
854 1897 932 1942 raro
960 1876 1056 1942 hniuc
1084 1879 1180 1943 cerba
1205 1877 1310 1959 macic

190 1983 260 2028 curn
283 1963 430 2029 chronico
445 1964 480 2029 Ε
501 1964 690 2030 conueniunt
712 1985 808 2050 quam
825 1964 951 2046 prioris
970 1963 1135 2030 Oronicac.
1174 1966 1308 2031 Etcum

189 2049 226 2115 in
254 2050 315 2116 itia
344 2053 479 2118 annales
508 2051 672 2136 deperditi,
706 2053 744 2128 in
773 2053 874 2119 Lihro
906 2052 1103 2119 cronicorum
1134 2053 1230 2118 etiam
1260 2073 1308 2118 cc-

189 2139 310 2221 ccrn'pti,
340 2140 408 2206 iam
430 2163 461 2205 a.
481 2146 576 2205 1213.
600 2141 757 2223 decinont,
787 2141 823 2206 iu
853 2142 913 2207 hoo
942 2141 1038 2206 etiarn
1066 2144 1123 2208 ouh
1154 2165 1184 2208 a.
1212 2147 1306 2207 1233.

152 2251 180 2290 10
191 2233 286 2292 1235.
303 2228 364 2295 ioci
379 2229 415 2293 in
430 2228 530 2294 In'hro
546 2229 746 2295 cronicorum
763 2229 887 2312 repetiti
904 2231 1059 2313 trauntur.
1099 2231 1193 2295 Patet
1207 2229 1308 2313 initur

187 2322 353 2399 utramque
388 2317 557 2383 Granicum
591 2339 630 2384 ea
659 2321 763 2384 eodeni
792 2318 982 2399 exscriptum
1010 2339 1076 2383 cccc
1105 2317 1216 2400 tihetto,
1252 2318 1308 2400 qui

187 2412 332 2488 excerpta
354 2405 496 2472 chronici
518 2407 554 2470 E
573 2406 651 2471 dicti
678 2427 776 2488 usquc
805 2409 850 2471 ad
872 2428 902 2470 a.
926 2411 1021 2470 1351.
1045 2411 1075 2470 et
1101 2405 1236 2471 annales
1258 2407 1307 2470 de

180 2493 324 2574 perditos
356 2495 405 2559 oet
437 2495 620 2578 fraumenta
648 2515 755 2560 eorurn
785 2517 815 2559 a.
840 2499 915 2557 438.
949 2514 1046 2574 nsque
1080 2494 1124 2557 od
1153 2499 1305 2558 α.1235.

186 2582 359 2663 separatim
377 2583 497 2664 concta
512 2583 710 2663 continuerit,
730 2589 766 2649 ut
781 2583 835 2647 ‘N.
849 2581 980 2647 Archio'
994 2581 1099 2662 XXI,
1112 2603 1148 2663 p.
1163 2586 1305 2664 4821qq.

149 2669 323 2752 ccecpooui.
362 2671 575 2736 Theodericus
601 2671 765 2754 Enoehhno
794 2669 895 2753 icitur
916 2690 1027 2735 earurn
1049 2668 1175 2751 quidem
1197 2676 1308 2735 auctor

186 2757 446 2839 habenhuson,
477 2761 533 2824 ced
560 2759 608 2824 ita
637 2765 768 2841 tanturn,
799 2765 834 2823 nt
856 2757 1068 2840 antiquiorem
1096 2757 1234 2823 tihellurn
1256 2779 1305 2823 coc·

185 2845 325 2912 scribens
346 2848 395 2912 oet
416 2849 654 2914 exscribendum
676 2868 795 2913 curans
816 2847 907 2911 ruodo
928 2846 966 2911 in
988 2846 1057 2930 hac,
1080 2845 1226 2911 modain
1246 2845 1306 2912 itta

186 2935 340 3016 nuncu
368 2936 435 3019 ipsc
461 2937 509 3001 oct
537 2935 645 3002 ocriha
674 2936 742 3002 cino
770 2934 940 3000 mutaverit
969 2935 1016 3000 cot
1045 2935 1195 3000 omiserit.
1243 2935 1308 3001 Sed

185 3022 221 3088 in
250 3023 388 3090 Granico
417 3023 556 3090 cicitatic
583 3023 797 3104 Erfordencis
825 3025 870 3088 ad
897 3045 928 3088 a.
954 3028 1050 3087 1363.
1080 3025 1118 3088 dc
1148 3044 1306 3105 campana

149 3111 389 3193 hurfordensi,
414 3114 458 3178 cc
479 3135 510 3176 a.
531 3119 625 3177 1397.
653 3118 747 3177 1413.
771 3117 866 3176 1416.
890 3117 984 3175 1422.
1009 3113 1047 3176 oe
1068 3110 1228 3177 incndite
1242 3112 1304 3179 Er-

184 3199 387 3278 fordenoihuo
420 3202 576 3283 quaedun
609 3201 743 3266 addidit.
790 3200 846 3264 Ec
874 3200 934 3265 hao
961 3199 1100 3266 Granico
1128 3201 1229 3265 mutto
1255 3201 1304 3264 de

184 3287 305 3370 raihta
326 3295 402 3354 cunt
428 3289 539 3354 ordine
562 3289 779 3370 chronoioaico
801 3309 867 3354 non
888 3293 1012 3353 seruato
1033 3287 1071 3352 in
1093 3286 1197 3352 codice
1218 3293 1304 3352 auto·

182 3377 306 3458 arapho
339 3377 482 3443 chronici
520 3377 663 3444 Gouradi
695 3377 814 3443 Stotlc⁵
846 3376 1048 3442 hihtiothecoe
1084 3373 1303 3441 uniuersitatis

185 3549 212 3615 1)
233 3548 267 3600 Ut
286 3565 369 3602 manu
393 3565 458 3606 cacc.
477 3551 540 3603 XV.
560 3567 601 3604 cn.
624 3550 664 3603 oct
679 3549 761 3604 XVI.
781 3552 819 3604 in.
844 3552 875 3600 in
896 3551 989 3617 primo
1014 3549 1081 3612 folio
1104 3549 1234 3615 scriptum
1258 3555 1304 3603 cot.

148 3619 213 3688 352)
233 3621 316 3673 &rinc
333 3637 393 3673 cum
417 3628 489 3686 noct,
513 3637 532 3673 a
551 3621 692 3686 Lcr'hnitr'o,
718 3621 768 3676 SS.
786 3621 820 3675 R.
839 3621 981 3673 Brumoic.
999 3619 1040 3685 II,
1062 3636 1091 3687 p.
1109 3621 1153 3684 54,
1176 3619 1212 3671 ad
1229 3621 1304 3672 oderi·

184 3691 248 3742 dum
265 3691 406 3745 chronicon
428 3691 582 3744 thodnici
597 3692 737 3759 Enqclhuc
762 3691 899 3743 adhibitus
923 3696 968 3744 cot.
1052 3693 1079 3756 3)
1100 3689 1193 3742 Huiuc
1209 3691 1305 3742 codicis

184 3762 254 3826 folia
271 3764 391 3815 numerio
411 3778 466 3815 non
483 3765 591 3829 cinnatu
609 3769 680 3816 cunt.
769 3765 799 3830 4)
820 3762 895 3825 Quod
920 3761 1023 3828 quiam
1050 3761 1113 3813 loch
1137 3776 1156 3812 a
1174 3761 1304 3813 Lothario

184 3833 216 3884 dc
234 3832 402 3886 Brinniana
420 3834 463 3887 ‘N.
482 3833 595 3886 Archio'
613 3834 698 3897 XIII,
718 3849 749 3901 p.
769 3835 830 3888 183.
855 3832 947 3884 altach
970 3847 1024 3883 non
1041 3830 1240 3898 comprohatum
1258 3837 1302 3885 cot.

188 3903 360 3956 theodoriana
378 3903 514 3970 machou-r
537 3906 568 3955 in
592 3904 712 3956 chronici
734 3906 781 3955 rui
804 3902 965 3956 uniocrcolio
981 3901 1175 3954 rcocncionihuo
1192 3901 1304 3954 diccrcio

147 3975 272 4042 nothonem
289 3975 433 4027 chronicon
451 3975 479 4026 Ε
494 3980 517 4026 ct
535 3975 649 4027 cherum
668 3975 811 4027 chronicon
828 3974 978 4040 cnccrim
1004 3974 1034 4025 in
1051 3988 1104 4038 quo
1120 3972 1253 4024 nonnulla
1269 3989 1304 4024 cc

184 4045 299 4098 Oronico
317 4045 345 4098 S.
363 4046 440 4098 Petri
462 4053 586 4114 excerpta
611 4046 771 4112 tuebantur,
798 4052 829 4097 ut
853 4045 909 4097 atio
933 4043 985 4095 loco
1003 4042 1195 4097 annuncio.
1232 4042 1305 4106 Quor

183 4115 219 4170 K.
238 4115 406 4180 Hermann,
425 4115 496 4169 Bibt.
516 4117 667 4180 Erfurnina
685 4133 712 4184 p.
727 4117 762 4171 64
773 4131 821 4182 εᾳ,
839 4115 872 4166 de
889 4114 939 4166 hac
958 4113 1071 4166 Oronr'co
1088 4114 1224 4177 trauan,
1241 4114 1304 4166 diti·

181 4191 272 4252 acntcr
290 4187 395 4253 onr’dcrn
412 4189 515 4254 cuiun
532 4192 604 4252 cunt,
630 4187 675 4239 ced
692 4203 751 4239 cum
770 4187 813 4237 hic
829 4201 910 4253 ncaru
927 4184 1040 4236 cruram
1058 4184 1222 4250 Euadhucii
1239 4185 1304 4238 Oro-

183 4259 271 4310 nicam
289 4257 482 4321 Erfordcncem
500 4273 546 4310 ncc
563 4257 704 4309 chronicon
722 4257 750 4309 Ε
773 4257 882 4322 hancei,
908 4271 971 4308 ccra
995 4256 1115 4308 tnocnirc
1131 4270 1186 4307 non
1206 4257 1304 4322 potuit.

145 4327 210 4396 455)
230 4329 273 4393 Οἵ.
295 4328 339 4384 ’Ν.
358 4329 475 4381 Archic'
492 4328 574 4393 XXI,
595 4345 624 4394 p.
644 4330 695 4384 501
714 4344 752 4396 oq.

1036 4429 1088 4488 50*
