<?xml version="1.0" encoding="UTF-8"?>
<!DOCTYPE html PUBLIC "-//W3C//DTD XHTML 1.0 Transitional//EN"
    "http://www.w3.org/TR/xhtml1/DTD/xhtml1-transitional.dtd">
<html xmlns="http://www.w3.org/1999/xhtml" xml:lang="en" lang="en">
 <head>
  <title>
</title>
<meta http-equiv="Content-Type" content="text/html;charset=utf-8" />
  <meta name='ocr-system' content='tesseract 3.04.00' />
  <meta name='ocr-capabilities' content='ocr_page ocr_carea ocr_par ocr_line ocrx_word'/>
</head>
<body>
  <div class='ocr_page' id='page_1' title='image "./monumentaerphes01monagoog_0233.png"; bbox 0 0 3222 4850; ppageno 0'>
   <div class='ocr_carea' id='block_1_1' title="bbox 241 386 1273 450">
    <p class='ocr_par' dir='ltr' id='par_1_1' title="bbox 241 386 1273 450">
     <span class='ocr_line' id='line_1_1' title="bbox 241 386 1273 450; baseline 0.001 -5"><span class='ocrx_word' id='word_1_1' title='bbox 241 389 407 446; x_wconf 78' lang='lat' dir='ltr'>CRONIOA</span> <span class='ocrx_word' id='word_1_2' title='bbox 420 389 447 446; x_wconf 87' lang='lat' dir='ltr'><strong>S.</strong></span> <span class='ocrx_word' id='word_1_3' title='bbox 458 389 574 444; x_wconf 78' lang='lat' dir='ltr'>PETRI</span> <span class='ocrx_word' id='word_1_4' title='bbox 586 386 848 444; x_wconf 82' lang='lat' dir='ltr'>ERFORDENSIS</span> <span class='ocrx_word' id='word_1_5' title='bbox 861 387 953 445; x_wconf 88' lang='lat' dir='ltr'><strong>MOD.</strong></span> <span class='ocrx_word' id='word_1_6' title='bbox 972 391 1008 445; x_wconf 87' lang='lat' dir='ltr'><strong>A.</strong></span> <span class='ocrx_word' id='word_1_7' title='bbox 1020 393 1096 450; x_wconf 82' lang='lat'>1218.</span> <span class='ocrx_word' id='word_1_8' title='bbox 1108 394 1185 447; x_wconf 78' lang='lat'>1219.</span> <span class='ocrx_word' id='word_1_9' title='bbox 1222 393 1273 448; x_wconf 80' lang='lat'><strong>221</strong></span> 
     </span>
    </p>
   </div>
   <div class='ocr_carea' id='block_1_2' title="bbox 123 555 1403 1917">
    <p class='ocr_par' dir='ltr' id='par_1_2' title="bbox 123 555 1403 1917">
     <span class='ocr_line' id='line_1_2' title="bbox 156 555 1363 637; baseline -0.002 -14"><span class='ocrx_word' id='word_1_10' title='bbox 156 569 244 625; x_wconf 91' lang='lat' dir='ltr'><strong>ribilis</strong></span> <span class='ocrx_word' id='word_1_11' title='bbox 261 569 385 635; x_wconf 75' lang='lat' dir='ltr'>fuscavit,</span> <span class='ocrx_word' id='word_1_12' title='bbox 405 572 433 622; x_wconf 87' lang='lat' dir='ltr'><strong>et</strong></span> <span class='ocrx_word' id='word_1_13' title='bbox 450 567 488 621; x_wconf 91' lang='lat' dir='ltr'><strong>aio</strong></span> <span class='ocrx_word' id='word_1_14' title='bbox 507 568 589 637; x_wconf 79' lang='lat' dir='ltr'><strong>longo</strong></span> <span class='ocrx_word' id='word_1_15' title='bbox 607 571 698 621; x_wconf 90' lang='lat' dir='ltr'><strong>tractu</strong></span> <span class='ocrx_word' id='word_1_16' title='bbox 716 565 817 619; x_wconf 88' lang='lat' dir='ltr'><strong>doloris</strong></span> <span class='ocrx_word' id='word_1_17' title='bbox 836 565 932 620; x_wconf 81' lang='lat' dir='ltr'><strong>afflicti</strong></span> <span class='ocrx_word' id='word_1_18' title='bbox 950 583 1013 620; x_wconf 94' lang='lat' dir='ltr'><strong>cum</strong></span> <span class='ocrx_word' id='word_1_19' title='bbox 1031 568 1118 620; x_wconf 92' lang='lat' dir='ltr'><strong>multa</strong></span> <span class='ocrx_word' id='word_1_20' title='bbox 1136 567 1275 636; x_wconf 77' lang='lat' dir='ltr'><strong>paciencia</strong></span> <span class='ocrx_word' id='word_1_21' title='bbox 1286 555 1363 634; x_wconf 61' lang='lat'>1218·</span> 
     </span>
     <span class='ocr_line' id='line_1_3' title="bbox 157 625 1403 710; baseline -0.002 -15"><span class='ocrx_word' id='word_1_22' title='bbox 157 641 345 710; x_wconf 76' lang='lat' dir='ltr'><strong>migraverunt</strong></span> <span class='ocrx_word' id='word_1_23' title='bbox 368 639 402 692; x_wconf 91' lang='lat' dir='ltr'><strong>sd</strong></span> <span class='ocrx_word' id='word_1_24' title='bbox 427 639 575 692; x_wconf 89' lang='lat' dir='ltr'><strong>Dominum</strong></span> <span class='ocrx_word' id='word_1_25' title='bbox 600 637 720 707; x_wconf 86' lang='lat' dir='ltr'>plurimi.</span> <span class='ocrx_word' id='word_1_26' title='bbox 757 636 825 690; x_wconf 89' lang='lat' dir='ltr'><strong>Post</strong></span> <span class='ocrx_word' id='word_1_27' title='bbox 849 637 952 692; x_wconf 87' lang='lat' dir='ltr'><strong>dictam</strong></span> <span class='ocrx_word' id='word_1_28' title='bbox 977 643 1168 706; x_wconf 73' lang='lat' dir='ltr'><strong>tempestatem</strong></span> <span class='ocrx_word' id='word_1_29' title='bbox 1193 656 1276 692; x_wconf 88' lang='lat' dir='ltr'><strong>naves</strong></span> <span class='ocrx_word' id='word_1_30' title='bbox 1285 625 1363 666; x_wconf 47' lang='grc' dir='ltr'><strong>(Μ’-ε’</strong></span> <span class='ocrx_word' id='word_1_31' title='bbox 1371 627 1403 666; x_wconf 89' lang='lat'><strong>¹¹·</strong></span> 
     </span>
     <span class='ocr_line' id='line_1_4' title="bbox 159 709 1275 782; baseline -0.003 -17"><span class='ocrx_word' id='word_1_32' title='bbox 159 711 329 782; x_wconf 87' lang='lat' dir='ltr'><strong>parabantur</strong></span> <span class='ocrx_word' id='word_1_33' title='bbox 357 716 391 764; x_wconf 90' lang='lat' dir='ltr'><strong>et</strong></span> <span class='ocrx_word' id='word_1_34' title='bbox 418 711 559 764; x_wconf 79' lang='lat' dir='ltr'><strong>transitus</strong></span> <span class='ocrx_word' id='word_1_35' title='bbox 585 709 712 776; x_wconf 87' lang='lat' dir='ltr'><strong>fluminis,</strong></span> <span class='ocrx_word' id='word_1_36' title='bbox 738 726 791 776; x_wconf 87' lang='lat' dir='ltr'><strong>que</strong></span> <span class='ocrx_word' id='word_1_37' title='bbox 818 725 881 761; x_wconf 91' lang='lat' dir='ltr'><strong>cum</strong></span> <span class='ocrx_word' id='word_1_38' title='bbox 908 725 1009 778; x_wconf 76' lang='lat' dir='ltr'><strong>magno</strong></span> <span class='ocrx_word' id='word_1_39' title='bbox 1030 709 1151 776; x_wconf 89' lang='lat' dir='ltr'><strong>periculo</strong></span> <span class='ocrx_word' id='word_1_40' title='bbox 1170 727 1275 762; x_wconf 89' lang='lat' dir='ltr'><strong>sursum</strong></span> 
     </span>
     <span class='ocr_line' id='line_1_5' title="bbox 158 779 1275 848; baseline -0.003 -12"><span class='ocrx_word' id='word_1_41' title='bbox 158 782 335 836; x_wconf 84' lang='lat' dir='ltr'><strong>ascendentes</strong></span> <span class='ocrx_word' id='word_1_42' title='bbox 352 783 425 836; x_wconf 85' lang='lat' dir='ltr'><strong>inter</strong></span> <span class='ocrx_word' id='word_1_43' title='bbox 443 781 584 834; x_wconf 88' lang='lat' dir='ltr'><strong>civitatem</strong></span> <span class='ocrx_word' id='word_1_44' title='bbox 609 785 636 833; x_wconf 89' lang='lat' dir='ltr'><strong>et</strong></span> <span class='ocrx_word' id='word_1_45' title='bbox 661 779 759 833; x_wconf 89' lang='lat' dir='ltr'><strong>turrim</strong></span> <span class='ocrx_word' id='word_1_46' title='bbox 778 784 887 848; x_wconf 89' lang='lat' dir='ltr'><strong>captam</strong></span> <span class='ocrx_word' id='word_1_47' title='bbox 905 779 970 848; x_wconf 82' lang='lat' dir='ltr'><strong>igne</strong></span> <span class='ocrx_word' id='word_1_48' title='bbox 988 779 1077 834; x_wconf 85' lang='lat' dir='ltr'><strong>Greco</strong></span> <span class='ocrx_word' id='word_1_49' title='bbox 1097 789 1125 834; x_wconf 87' lang='lat' dir='ltr'><strong>et</strong></span> <span class='ocrx_word' id='word_1_50' title='bbox 1142 780 1275 834; x_wconf 82' lang='lat' dir='ltr'><strong>machinis</strong></span> 
     </span>
     <span class='ocr_line' id='line_1_6' title="bbox 124 849 1276 921; baseline -0.003 -13"><span class='ocrx_word' id='word_1_51' title='bbox 124 871 222 910; x_wconf 78' lang='lat' dir='ltr'><strong>acum</strong></span> <span class='ocrx_word' id='word_1_52' title='bbox 250 853 344 906; x_wconf 89' lang='lat' dir='ltr'><strong>iaculis</strong></span> <span class='ocrx_word' id='word_1_53' title='bbox 371 852 520 921; x_wconf 90' lang='lat' dir='ltr'><strong>plurimum</strong></span> <span class='ocrx_word' id='word_1_54' title='bbox 547 857 610 905; x_wconf 88' lang='lat' dir='ltr'><strong>sunt</strong></span> <span class='ocrx_word' id='word_1_55' title='bbox 637 851 776 919; x_wconf 87' lang='lat' dir='ltr'><strong>impedite.</strong></span> <span class='ocrx_word' id='word_1_56' title='bbox 813 849 894 906; x_wconf 89' lang='lat' dir='ltr'><strong>Unde</strong></span> <span class='ocrx_word' id='word_1_57' title='bbox 920 850 1028 916; x_wconf 86' lang='lat' dir='ltr'><strong>accidit,</strong></span> <span class='ocrx_word' id='word_1_58' title='bbox 1055 855 1106 904; x_wconf 72' lang='lat' dir='ltr'><strong>uta</strong></span> <span class='ocrx_word' id='word_1_59' title='bbox 1128 869 1182 904; x_wconf 87' lang='lat' dir='ltr'><strong>una</strong></span> <span class='ocrx_word' id='word_1_60' title='bbox 1199 851 1276 905; x_wconf 90' lang='lat' dir='ltr'><strong>navis</strong></span> 
     </span>
     <span class='ocr_line' id='line_1_7' title="bbox 157 921 1276 992; baseline -0.003 -14"><span class='ocrx_word' id='word_1_61' title='bbox 157 925 378 992; x_wconf 86' lang='lat' dir='ltr'><strong>Templariorum</strong></span> <span class='ocrx_word' id='word_1_62' title='bbox 390 922 438 976; x_wconf 84' lang='lat' dir='ltr'><strong>vib</strong></span> <span class='ocrx_word' id='word_1_63' title='bbox 451 923 581 976; x_wconf 87' lang='lat' dir='ltr'><strong>torrentis</strong></span> <span class='ocrx_word' id='word_1_64' title='bbox 593 925 671 991; x_wconf 89' lang='lat' dir='ltr'><strong>rapta</strong></span> <span class='ocrx_word' id='word_1_65' title='bbox 685 939 771 990; x_wconf 90' lang='lat' dir='ltr'><strong>prope</strong></span> <span class='ocrx_word' id='word_1_66' title='bbox 783 921 871 990; x_wconf 80' lang='lat' dir='ltr'><strong>ripam</strong></span> <span class='ocrx_word' id='word_1_67' title='bbox 885 922 1001 976; x_wconf 86' lang='lat' dir='ltr'><strong>civitatis</strong></span> <span class='ocrx_word' id='word_1_68' title='bbox 1019 921 1229 990; x_wconf 85' lang='lat' dir='ltr'><strong>precipitaretur</strong></span> <span class='ocrx_word' id='word_1_69' title='bbox 1241 923 1276 976; x_wconf 90' lang='lat' dir='ltr'><strong>ad</strong></span> 
     </span>
     <span class='ocr_line' id='line_1_8' title="bbox 157 993 1276 1064; baseline -0.003 -15"><span class='ocrx_word' id='word_1_70' title='bbox 157 996 265 1064; x_wconf 89' lang='lat' dir='ltr'><strong>hostes;</strong></span> <span class='ocrx_word' id='word_1_71' title='bbox 284 994 331 1064; x_wconf 92' lang='lat' dir='ltr'><strong>qui</strong></span> <span class='ocrx_word' id='word_1_72' title='bbox 345 1011 406 1048; x_wconf 90' lang='lat' dir='ltr'><strong>cum</strong></span> <span class='ocrx_word' id='word_1_73' title='bbox 419 994 543 1047; x_wconf 84' lang='lat' dir='ltr'><strong>barbatis</strong></span> <span class='ocrx_word' id='word_1_74' title='bbox 559 999 587 1048; x_wconf 89' lang='lat' dir='ltr'><strong>et</strong></span> <span class='ocrx_word' id='word_1_75' title='bbox 599 993 694 1047; x_wconf 73' lang='lat' dir='ltr'><strong>uncisc</strong></span> <span class='ocrx_word' id='word_1_76' title='bbox 712 993 807 1046; x_wconf 84' lang='lat' dir='ltr'><strong>ferreis</strong></span> <span class='ocrx_word' id='word_1_77' title='bbox 824 993 912 1060; x_wconf 82' lang='lat' dir='ltr'><strong>ipsam</strong></span> <span class='ocrx_word' id='word_1_78' title='bbox 930 993 1151 1062; x_wconf 75' lang='lat' dir='ltr'><strong>inpugnaverunt</strong></span> <span class='ocrx_word' id='word_1_79' title='bbox 1163 993 1276 1062; x_wconf 80' lang='lat' dir='ltr'><strong>diucius,</strong></span> 
     </span>
     <span class='ocr_line' id='line_1_9' title="bbox 158 1063 1276 1136; baseline -0.003 -17"><span class='ocrx_word' id='word_1_80' title='bbox 158 1064 272 1136; x_wconf 83' lang='lat' dir='ltr'><strong>ignemd</strong></span> <span class='ocrx_word' id='word_1_81' title='bbox 286 1065 406 1120; x_wconf 89' lang='lat' dir='ltr'><strong>Grecum</strong></span> <span class='ocrx_word' id='word_1_82' title='bbox 420 1083 481 1118; x_wconf 90' lang='lat' dir='ltr'><strong>cum</strong></span> <span class='ocrx_word' id='word_1_83' title='bbox 495 1064 630 1133; x_wconf 83' lang='lat' dir='ltr'><strong>lapidibus</strong></span> <span class='ocrx_word' id='word_1_84' title='bbox 643 1064 759 1132; x_wconf 85' lang='lat' dir='ltr'><strong>desuper</strong></span> <span class='ocrx_word' id='word_1_85' title='bbox 771 1063 805 1117; x_wconf 89' lang='lat' dir='ltr'><strong>de</strong></span> <span class='ocrx_word' id='word_1_86' title='bbox 817 1064 938 1116; x_wconf 88' lang='lat' dir='ltr'><strong>turribus</strong></span> <span class='ocrx_word' id='word_1_87' title='bbox 951 1063 1104 1132; x_wconf 88' lang='lat' dir='ltr'><strong>iacientes;</strong></span> <span class='ocrx_word' id='word_1_88' title='bbox 1121 1068 1225 1118; x_wconf 87' lang='lat' dir='ltr'><strong>etcum</strong></span> <span class='ocrx_word' id='word_1_89' title='bbox 1238 1065 1276 1116; x_wconf 92' lang='lat' dir='ltr'><strong>sic</strong></span> 
     </span>
     <span class='ocr_line' id='line_1_10' title="bbox 123 1134 1364 1263; baseline -0.004 0"><span class='ocrx_word' id='word_1_90' title='bbox 123 1134 1298 1263; x_wconf 44' lang='lat' dir='ltr'><strong>‚0inlitterati?{titillanttllsl‘nltltllllnnl·.</strong></span> <span class='ocrx_word' id='word_1_91' title='bbox 1326 1219 1364 1258; x_wconf 69' lang='lat' dir='ltr'><strong>n</strong></span> 
     </span>
     <span class='ocr_line' id='line_1_11' title="bbox 158 1220 1371 1349; baseline -0.002 -17"><span class='ocrx_word' id='word_1_92' title='bbox 158 1280 216 1332; x_wconf 95' lang='lat' dir='ltr'><strong>cius</strong></span> <span class='ocrx_word' id='word_1_93' title='bbox 234 1225 410 1349; x_wconf 55' lang='lat' dir='ltr'><strong>pignereim,</strong></span> <span class='ocrx_word' id='word_1_94' title='bbox 429 1278 541 1332; x_wconf 89' lang='lat' dir='ltr'><strong>tandem</strong></span> <span class='ocrx_word' id='word_1_95' title='bbox 559 1277 635 1332; x_wconf 89' lang='lat' dir='ltr'><strong>navia</strong></span> <span class='ocrx_word' id='word_1_96' title='bbox 652 1276 800 1346; x_wconf 80' lang='lat' dir='ltr'><strong>perforata,</strong></span> <span class='ocrx_word' id='word_1_97' title='bbox 825 1276 882 1330; x_wconf 84' lang='lat' dir='ltr'><strong>sive</strong></span> <span class='ocrx_word' id='word_1_98' title='bbox 908 1223 1040 1330; x_wconf 72' lang='lat' dir='ltr'><strong>apnostris</strong></span> <span class='ocrx_word' id='word_1_99' title='bbox 1065 1278 1120 1331; x_wconf 86' lang='lat' dir='ltr'><strong>aive</strong></span> <span class='ocrx_word' id='word_1_100' title='bbox 1140 1278 1174 1330; x_wconf 92' lang='lat' dir='ltr'><strong>ab</strong></span> <span class='ocrx_word' id='word_1_101' title='bbox 1193 1277 1276 1330; x_wconf 88' lang='lat' dir='ltr'><strong>hosti·</strong></span> <span class='ocrx_word' id='word_1_102' title='bbox 1299 1220 1317 1266; x_wconf 40' lang='lat' dir='ltr'><strong>r·</strong></span> <span class='ocrx_word' id='word_1_103' title='bbox 1365 1250 1371 1260; x_wconf 41' lang='grc' dir='ltr'>Ι</span> 
     </span>
     <span class='ocr_line' id='line_1_12' title="bbox 159 1347 1276 1418; baseline -0.003 -15"><span class='ocrx_word' id='word_1_104' title='bbox 159 1352 218 1417; x_wconf 90' lang='lat' dir='ltr'><strong>bus,</strong></span> <span class='ocrx_word' id='word_1_105' title='bbox 237 1351 372 1403; x_wconf 89' lang='lat' dir='ltr'><strong>incertum</strong></span> <span class='ocrx_word' id='word_1_106' title='bbox 390 1349 541 1418; x_wconf 89' lang='lat' dir='ltr'><strong>habetur,</strong></span> <span class='ocrx_word' id='word_1_107' title='bbox 560 1347 746 1418; x_wconf 71' lang='lat' dir='ltr'><strong>profundum</strong></span> <span class='ocrx_word' id='word_1_108' title='bbox 762 1348 855 1416; x_wconf 88' lang='lat' dir='ltr'><strong>peciit,</strong></span> <span class='ocrx_word' id='word_1_109' title='bbox 875 1348 1050 1418; x_wconf 84' lang='lat' dir='ltr'><strong>submergens</strong></span> <span class='ocrx_word' id='word_1_110' title='bbox 1069 1347 1195 1418; x_wconf 81' lang='lat' dir='ltr'><strong>Egiptios</strong></span> <span class='ocrx_word' id='word_1_111' title='bbox 1214 1365 1276 1401; x_wconf 88' lang='lat' dir='ltr'><strong>cum</strong></span> 
     </span>
     <span class='ocr_line' id='line_1_13' title="bbox 158 1418 1276 1476; baseline -0.004 0"><span class='ocrx_word' id='word_1_112' title='bbox 158 1421 327 1476; x_wconf 82' lang='lat' dir='ltr'><strong>Christianis.</strong></span> <span class='ocrx_word' id='word_1_113' title='bbox 356 1419 434 1474; x_wconf 81' lang='lat' dir='ltr'><strong>(lives</strong></span> <span class='ocrx_word' id='word_1_114' title='bbox 453 1424 544 1474; x_wconf 89' lang='lat' dir='ltr'><strong>autem</strong></span> <span class='ocrx_word' id='word_1_115' title='bbox 563 1418 710 1473; x_wconf 77' lang='lat' dir='ltr'><strong>Damiates</strong></span> <span class='ocrx_word' id='word_1_116' title='bbox 726 1424 866 1472; x_wconf 79' lang='lat' dir='ltr'><strong>ementem</strong></span> <span class='ocrx_word' id='word_1_117' title='bbox 885 1419 1028 1472; x_wconf 88' lang='lat' dir='ltr'><strong>victoriam</strong></span> <span class='ocrx_word' id='word_1_118' title='bbox 1046 1436 1122 1473; x_wconf 86' lang='lat' dir='ltr'><strong>auam</strong></span> <span class='ocrx_word' id='word_1_119' title='bbox 1141 1419 1199 1474; x_wconf 88' lang='lat' dir='ltr'><strong>sere</strong></span> <span class='ocrx_word' id='word_1_120' title='bbox 1217 1435 1276 1473; x_wconf 84' lang='lat' dir='ltr'><strong>sex</strong></span> 
     </span>
     <span class='ocr_line' id='line_1_14' title="bbox 158 1489 1276 1561; baseline -0.004 -15"><span class='ocrx_word' id='word_1_121' title='bbox 158 1492 255 1546; x_wconf 88' lang='lat' dir='ltr'><strong>diebus</strong></span> <span class='ocrx_word' id='word_1_122' title='bbox 282 1493 455 1561; x_wconf 86' lang='lat' dir='ltr'><strong>planxerunt.</strong></span> <span class='ocrx_word' id='word_1_123' title='bbox 492 1490 599 1545; x_wconf 82' lang='lat' dir='ltr'><strong>Exinde</strong></span> <span class='ocrx_word' id='word_1_124' title='bbox 624 1489 648 1544; x_wconf 82' lang='lat' dir='ltr'><strong>E</strong></span> <span class='ocrx_word' id='word_1_125' title='bbox 655 1490 768 1561; x_wconf 78' lang='lat' dir='ltr'><strong>giptii</strong></span> <span class='ocrx_word' id='word_1_126' title='bbox 795 1496 908 1558; x_wconf 90' lang='lat' dir='ltr'><strong>pontem</strong></span> <span class='ocrx_word' id='word_1_127' title='bbox 933 1495 1098 1558; x_wconf 79' lang='lat' dir='ltr'><strong>reparantes,</strong></span> <span class='ocrx_word' id='word_1_128' title='bbox 1120 1495 1276 1560; x_wconf 78' lang='lat' dir='ltr'><strong>aperturam</strong></span> 
     </span>
     <span class='ocr_line' id='line_1_15' title="bbox 123 1559 1276 1632; baseline -0.003 -14"><span class='ocrx_word' id='word_1_129' title='bbox 123 1563 228 1618; x_wconf 78' lang='lat' dir='ltr'><strong>rssdeo</strong></span> <span class='ocrx_word' id='word_1_130' title='bbox 240 1563 410 1632; x_wconf 89' lang='lat' dir='ltr'><strong>reliquerunt</strong></span> <span class='ocrx_word' id='word_1_131' title='bbox 427 1567 577 1632; x_wconf 75' lang='lat' dir='ltr'><strong>angintam,</strong></span> <span class='ocrx_word' id='word_1_132' title='bbox 597 1565 628 1614; x_wconf 93' lang='lat' dir='ltr'><strong>ut</strong></span> <span class='ocrx_word' id='word_1_133' title='bbox 645 1578 728 1615; x_wconf 85' lang='lat' dir='ltr'><strong>naves</strong></span> <span class='ocrx_word' id='word_1_134' title='bbox 747 1559 915 1614; x_wconf 80' lang='lat' dir='ltr'><strong>fidelium</strong></span> <span class='ocrx_word' id='word_1_135' title='bbox 934 1561 991 1614; x_wconf 90' lang='lat' dir='ltr'><strong>sine</strong></span> <span class='ocrx_word' id='word_1_136' title='bbox 1009 1578 1135 1631; x_wconf 79' lang='lat' dir='ltr'><strong>magno</strong></span> <span class='ocrx_word' id='word_1_137' title='bbox 1154 1562 1276 1630; x_wconf 88' lang='lat' dir='ltr'><strong>periculo</strong></span> 
     </span>
     <span class='ocr_line' id='line_1_16' title="bbox 158 1630 1382 1703; baseline 0.001 -15"><span class='ocrx_word' id='word_1_138' title='bbox 158 1634 274 1688; x_wconf 71' lang='lat' dir='ltr'><strong>nansire</strong></span> <span class='ocrx_word' id='word_1_139' title='bbox 288 1651 342 1687; x_wconf 90' lang='lat' dir='ltr'><strong>non</strong></span> <span class='ocrx_word' id='word_1_140' title='bbox 355 1639 472 1703; x_wconf 88' lang='lat' dir='ltr'><strong>possent.</strong></span> <span class='ocrx_word' id='word_1_141' title='bbox 491 1631 598 1702; x_wconf 82' lang='lat' dir='ltr'><strong>Quem</strong></span> <span class='ocrx_word' id='word_1_142' title='bbox 616 1631 761 1686; x_wconf 82' lang='lat' dir='ltr'><strong>Teutonici</strong></span> <span class='ocrx_word' id='word_1_143' title='bbox 773 1637 801 1686; x_wconf 88' lang='lat' dir='ltr'><strong>et</strong></span> <span class='ocrx_word' id='word_1_144' title='bbox 812 1630 938 1685; x_wconf 81' lang='lat' dir='ltr'><strong>Frisones</strong></span> <span class='ocrx_word' id='word_1_145' title='bbox 949 1632 1009 1684; x_wconf 80' lang='lat' dir='ltr'><strong>vix</strong></span> <span class='ocrx_word' id='word_1_146' title='bbox 1021 1632 1117 1686; x_wconf 90' lang='lat' dir='ltr'><strong>decem</strong></span> <span class='ocrx_word' id='word_1_147' title='bbox 1130 1651 1148 1686; x_wconf 94' lang='lat' dir='ltr'><strong>u</strong></span> <span class='ocrx_word' id='word_1_148' title='bbox 1156 1650 1208 1685; x_wconf 92' lang='lat' dir='ltr'><strong>um</strong></span> <span class='ocrx_word' id='word_1_149' title='bbox 1217 1649 1276 1685; x_wconf 87' lang='lat' dir='ltr'><strong>ero</strong></span> <span class='ocrx_word' id='word_1_150' title='bbox 1287 1649 1314 1690; x_wconf 81' lang='grc' dir='ltr'><strong>ιι,</strong></span> <span class='ocrx_word' id='word_1_151' title='bbox 1323 1659 1341 1687; x_wconf 75' lang='lat'><strong>0.</strong></span> <span class='ocrx_word' id='word_1_152' title='bbox 1350 1648 1382 1690; x_wconf 79' lang='lat' dir='ltr'><strong>ir.</strong></span> 
     </span>
     <span class='ocr_line' id='line_1_17' title="bbox 158 1703 1276 1774; baseline -0.002 -16"><span class='ocrx_word' id='word_1_153' title='bbox 158 1706 275 1758; x_wconf 80' lang='lat' dir='ltr'><strong>viriliter</strong></span> <span class='ocrx_word' id='word_1_154' title='bbox 303 1705 524 1774; x_wconf 82' lang='lat' dir='ltr'><strong>confregerunt.</strong></span> <span class='ocrx_word' id='word_1_155' title='bbox 566 1703 699 1756; x_wconf 85' lang='lat' dir='ltr'><strong>Fracto</strong></span> <span class='ocrx_word' id='word_1_156' title='bbox 728 1703 884 1770; x_wconf 89' lang='lat' dir='ltr'><strong>denique</strong></span> <span class='ocrx_word' id='word_1_157' title='bbox 911 1709 1021 1771; x_wconf 90' lang='lat' dir='ltr'><strong>ponte</strong></span> <span class='ocrx_word' id='word_1_158' title='bbox 1052 1715 1086 1757; x_wconf 87' lang='lat' dir='ltr'><strong>et</strong></span> <span class='ocrx_word' id='word_1_159' title='bbox 1113 1703 1276 1772; x_wconf 86' lang='lat' dir='ltr'><strong>receptis</strong></span> 
     </span>
     <span class='ocr_line' id='line_1_18' title="bbox 158 1773 1275 1844; baseline -0.002 -14"><span class='ocrx_word' id='word_1_160' title='bbox 158 1775 254 1830; x_wconf 73' lang='grc' dir='ltr'><strong>ΠΠΟΙΓ</strong></span> <span class='ocrx_word' id='word_1_161' title='bbox 268 1776 391 1842; x_wconf 83' lang='lat' dir='ltr'><strong>navibus,</strong></span> <span class='ocrx_word' id='word_1_162' title='bbox 410 1793 491 1844; x_wconf 86' lang='lat' dir='ltr'><strong>super</strong></span> <span class='ocrx_word' id='word_1_163' title='bbox 509 1792 576 1844; x_wconf 89' lang='lat' dir='ltr'><strong>quas</strong></span> <span class='ocrx_word' id='word_1_164' title='bbox 589 1779 648 1828; x_wconf 88' lang='lat' dir='ltr'><strong>erat</strong></span> <span class='ocrx_word' id='word_1_165' title='bbox 665 1790 733 1842; x_wconf 91' lang='lat' dir='ltr'><strong>pons</strong></span> <span class='ocrx_word' id='word_1_166' title='bbox 752 1773 888 1838; x_wconf 81' lang='lat' dir='ltr'><strong>fundatus,</strong></span> <span class='ocrx_word' id='word_1_167' title='bbox 907 1774 1008 1827; x_wconf 86' lang='lat' dir='ltr'><strong>reversi</strong></span> <span class='ocrx_word' id='word_1_168' title='bbox 1027 1779 1089 1828; x_wconf 90' lang='lat' dir='ltr'><strong>sunt</strong></span> <span class='ocrx_word' id='word_1_169' title='bbox 1105 1793 1169 1828; x_wconf 91' lang='lat' dir='ltr'><strong>curn</strong></span> <span class='ocrx_word' id='word_1_170' title='bbox 1181 1775 1275 1828; x_wconf 90' lang='lat' dir='ltr'><strong>trium·</strong></span> 
     </span>
     <span class='ocr_line' id='line_1_19' title="bbox 158 1843 1185 1917; baseline 0 -16"><span class='ocrx_word' id='word_1_171' title='bbox 158 1847 223 1917; x_wconf 85' lang='lat' dir='ltr'><strong>phe,</strong></span> <span class='ocrx_word' id='word_1_172' title='bbox 242 1847 358 1901; x_wconf 88' lang='lat' dir='ltr'><strong>liberam</strong></span> <span class='ocrx_word' id='word_1_173' title='bbox 376 1847 448 1900; x_wconf 85' lang='lat' dir='ltr'><strong>viam</strong></span> <span class='ocrx_word' id='word_1_174' title='bbox 467 1851 495 1900; x_wconf 87' lang='lat' dir='ltr'><strong>ct</strong></span> <span class='ocrx_word' id='word_1_175' title='bbox 513 1851 636 1916; x_wconf 87' lang='lat' dir='ltr'><strong>apertam</strong></span> <span class='ocrx_word' id='word_1_176' title='bbox 654 1862 760 1898; x_wconf 87' lang='lat' dir='ltr'><strong>sursum</strong></span> <span class='ocrx_word' id='word_1_177' title='bbox 777 1843 977 1898; x_wconf 87' lang='lat' dir='ltr'><strong>velificantibus</strong></span> <span class='ocrx_word' id='word_1_178' title='bbox 994 1845 1185 1914; x_wconf 87' lang='lat' dir='ltr'><strong>relinquentes.</strong></span> 
     </span>
    </p>
   </div>
   <div class='ocr_carea' id='block_1_3' title="bbox 62 1921 1380 3539">
    <p class='ocr_par' dir='ltr' id='par_1_3' title="bbox 62 1921 1380 3539">
     <span class='ocr_line' id='line_1_20' title="bbox 123 1921 1276 2002; baseline -0.005 -10"><span class='ocrx_word' id='word_1_179' title='bbox 123 1953 151 1992; x_wconf 73' lang='grc' dir='ltr'><strong>ιο</strong></span> <span class='ocrx_word' id='word_1_180' title='bbox 267 1925 368 1989; x_wconf 78' lang='lat' dir='ltr'><strong>Anno</strong></span> <span class='ocrx_word' id='word_1_181' title='bbox 392 1923 532 1988; x_wconf 81' lang='lat' dir='ltr'><strong>Domini</strong></span> <span class='ocrx_word' id='word_1_182' title='bbox 555 1921 750 1986; x_wconf 79' lang='lat' dir='ltr'>MCCXIX.</span> <span class='ocrx_word' id='word_1_183' title='bbox 796 1933 941 1988; x_wconf 88' lang='lat' dir='ltr'><strong>Sarraceni</strong></span> <span class='ocrx_word' id='word_1_184' title='bbox 965 1934 1127 2002; x_wconf 90' lang='lat' dir='ltr'><strong>periculum,</strong></span> <span class='ocrx_word' id='word_1_185' title='bbox 1146 1933 1219 2002; x_wconf 91' lang='lat' dir='ltr'><strong>quod</strong></span> <span class='ocrx_word' id='word_1_186' title='bbox 1239 1934 1276 1987; x_wconf 86' lang='lat' dir='ltr'><strong>eis</strong></span> 
     </span>
     <span class='ocr_line' id='line_1_21' title="bbox 158 2004 1276 2074; baseline -0.002 -14"><span class='ocrx_word' id='word_1_187' title='bbox 158 2007 328 2074; x_wconf 83' lang='lat' dir='ltr'><strong>imminebat,</strong></span> <span class='ocrx_word' id='word_1_188' title='bbox 347 2006 518 2060; x_wconf 88' lang='lat' dir='ltr'><strong>attendentes</strong></span> <span class='ocrx_word' id='word_1_189' title='bbox 536 2005 625 2074; x_wconf 88' lang='lat' dir='ltr'><strong>ripam</strong></span> <span class='ocrx_word' id='word_1_190' title='bbox 637 2004 861 2058; x_wconf 86' lang='lat' dir='ltr'><strong>Ohristianis</strong></span> <span class='ocrx_word' id='word_1_191' title='bbox 879 2005 1031 2073; x_wconf 87' lang='lat' dir='ltr'><strong>oppositam</strong></span> <span class='ocrx_word' id='word_1_192' title='bbox 1050 2005 1156 2058; x_wconf 86' lang='lat' dir='ltr'><strong>fossatis</strong></span> <span class='ocrx_word' id='word_1_193' title='bbox 1175 2011 1202 2058; x_wconf 89' lang='lat' dir='ltr'><strong>et</strong></span> <span class='ocrx_word' id='word_1_194' title='bbox 1220 2021 1276 2058; x_wconf 91' lang='lat' dir='ltr'><strong>ma·</strong></span> 
     </span>
     <span class='ocr_line' id='line_1_22' title="bbox 160 2076 1276 2131; baseline -0.001 -1"><span class='ocrx_word' id='word_1_195' title='bbox 160 2077 259 2131; x_wconf 90' lang='lat' dir='ltr'><strong>ohinis</strong></span> <span class='ocrx_word' id='word_1_196' title='bbox 278 2078 436 2130; x_wconf 90' lang='lat' dir='ltr'><strong>munierunt</strong></span> <span class='ocrx_word' id='word_1_197' title='bbox 461 2095 500 2130; x_wconf 91' lang='lat' dir='ltr'><strong>ac</strong></span> <span class='ocrx_word' id='word_1_198' title='bbox 524 2081 580 2130; x_wconf 88' lang='lat' dir='ltr'><strong>tres</strong></span> <span class='ocrx_word' id='word_1_199' title='bbox 598 2076 708 2129; x_wconf 84' lang='lat' dir='ltr'><strong>ordines</strong></span> <span class='ocrx_word' id='word_1_200' title='bbox 726 2081 893 2128; x_wconf 89' lang='lat' dir='ltr'><strong>armatorum</strong></span> <span class='ocrx_word' id='word_1_201' title='bbox 911 2077 1025 2129; x_wconf 87' lang='lat' dir='ltr'><strong>stacioni</strong></span> <span class='ocrx_word' id='word_1_202' title='bbox 1042 2077 1154 2129; x_wconf 81' lang='lat' dir='ltr'><strong>navium</strong></span> <span class='ocrx_word' id='word_1_203' title='bbox 1172 2080 1276 2130; x_wconf 90' lang='lat' dir='ltr'><strong>nostra·</strong></span> 
     </span>
     <span class='ocr_line' id='line_1_23' title="bbox 159 2146 1276 2270; baseline -0.004 -68"><span class='ocrx_word' id='word_1_204' title='bbox 159 2155 220 2202; x_wconf 91' lang='lat' dir='ltr'><strong>tum</strong></span> <span class='ocrx_word' id='word_1_205' title='bbox 239 2153 493 2218; x_wconf 86' lang='lat' dir='ltr'><strong>contraposuerunt,</strong></span> <span class='ocrx_word' id='word_1_206' title='bbox 512 2147 600 2201; x_wconf 91' lang='lat' dir='ltr'><strong>duos</strong></span> <span class='ocrx_word' id='word_1_207' title='bbox 626 2147 751 2216; x_wconf 89' lang='lat' dir='ltr'><strong>peditum</strong></span> <span class='ocrx_word' id='word_1_208' title='bbox 777 2164 859 2215; x_wconf 90' lang='lat' dir='ltr'><strong>super</strong></span> <span class='ocrx_word' id='word_1_209' title='bbox 880 2146 977 2216; x_wconf 82' lang='lat' dir='ltr'><strong>ripam,</strong></span> <span class='ocrx_word' id='word_1_210' title='bbox 1002 2148 1132 2202; x_wconf 90' lang='lat' dir='ltr'><strong>tercium</strong></span> <span class='ocrx_word' id='word_1_211' title='bbox 1151 2147 1276 2270; x_wconf 46' lang='lat' dir='ltr'><strong>lenzam</strong></span> 
     </span>
     <span class='ocr_line' id='line_1_24' title="bbox 160 2217 1364 2288; baseline -0.002 -14"><span class='ocrx_word' id='word_1_212' title='bbox 160 2225 189 2274; x_wconf 91' lang='lat' dir='ltr'><strong>et</strong></span> <span class='ocrx_word' id='word_1_213' title='bbox 205 2219 367 2283; x_wconf 89' lang='lat' dir='ltr'><strong>terribilem,</strong></span> <span class='ocrx_word' id='word_1_214' title='bbox 391 2218 553 2288; x_wconf 86' lang='lat' dir='ltr'><strong>lapidibus</strong></span> <span class='ocrx_word' id='word_1_215' title='bbox 578 2223 606 2272; x_wconf 87' lang='lat' dir='ltr'><strong>et</strong></span> <span class='ocrx_word' id='word_1_216' title='bbox 624 2218 698 2272; x_wconf 86' lang='lat' dir='ltr'><strong>telis</strong></span> <span class='ocrx_word' id='word_1_217' title='bbox 722 2217 871 2285; x_wconf 87' lang='lat' dir='ltr'><strong>plurimum</strong></span> <span class='ocrx_word' id='word_1_218' title='bbox 890 2218 1015 2271; x_wconf 84' lang='lat' dir='ltr'><strong>vexando</strong></span> <span class='ocrx_word' id='word_1_219' title='bbox 1034 2218 1182 2271; x_wconf 83' lang='lat' dir='ltr'><strong>stacionem</strong></span> <span class='ocrx_word' id='word_1_220' title='bbox 1224 2217 1276 2270; x_wconf 85' lang='lat' dir='ltr'><strong>hri·</strong></span> <span class='ocrx_word' id='word_1_221' title='bbox 1288 2223 1364 2278; x_wconf 84' lang='lat'>1219.</span> 
     </span>
     <span class='ocr_line' id='line_1_25' title="bbox 123 2288 1378 2358; baseline -0.002 -12"><span class='ocrx_word' id='word_1_222' title='bbox 123 2291 318 2347; x_wconf 80' lang='lat' dir='ltr'><strong>sestisnorum.</strong></span> <span class='ocrx_word' id='word_1_223' title='bbox 355 2289 427 2344; x_wconf 83' lang='lat' dir='ltr'><strong>Sane</strong></span> <span class='ocrx_word' id='word_1_224' title='bbox 454 2294 535 2343; x_wconf 90' lang='lat' dir='ltr'><strong>nocte</strong></span> <span class='ocrx_word' id='word_1_225' title='bbox 562 2291 669 2343; x_wconf 87' lang='lat' dir='ltr'><strong>beate</strong></span> <span class='ocrx_word' id='word_1_226' title='bbox 686 2289 786 2358; x_wconf 81' lang='lat' dir='ltr'><strong>Agate,</strong></span> <span class='ocrx_word' id='word_1_227' title='bbox 812 2288 873 2341; x_wconf 93' lang='lat' dir='ltr'><strong>ubi</strong></span> <span class='ocrx_word' id='word_1_228' title='bbox 890 2293 997 2342; x_wconf 88' lang='lat' dir='ltr'><strong>tantum</strong></span> <span class='ocrx_word' id='word_1_229' title='bbox 1015 2305 1146 2358; x_wconf 82' lang='lat' dir='ltr'><strong>pavorem</strong></span> <span class='ocrx_word' id='word_1_230' title='bbox 1164 2289 1276 2342; x_wconf 90' lang='lat' dir='ltr'><strong>soldano</strong></span> <span class='ocrx_word' id='word_1_231' title='bbox 1286 2301 1378 2343; x_wconf 58' lang='lat' dir='ltr'><strong>secra.</strong></span> 
     </span>
     <span class='ocr_line' id='line_1_26' title="bbox 160 2359 1277 2429; baseline -0.004 -13"><span class='ocrx_word' id='word_1_232' title='bbox 160 2367 195 2416; x_wconf 88' lang='lat' dir='ltr'><strong>et</strong></span> <span class='ocrx_word' id='word_1_233' title='bbox 206 2361 370 2415; x_wconf 87' lang='lat' dir='ltr'><strong>Babiloniis</strong></span> <span class='ocrx_word' id='word_1_234' title='bbox 381 2361 550 2415; x_wconf 88' lang='lat' dir='ltr'><strong>Dominus</strong></span> <span class='ocrx_word' id='word_1_235' title='bbox 568 2360 687 2426; x_wconf 85' lang='lat' dir='ltr'><strong>incussit,</strong></span> <span class='ocrx_word' id='word_1_236' title='bbox 706 2365 737 2412; x_wconf 90' lang='lat' dir='ltr'><strong>ut</strong></span> <span class='ocrx_word' id='word_1_237' title='bbox 754 2359 857 2412; x_wconf 88' lang='lat' dir='ltr'><strong>relictis</strong></span> <span class='ocrx_word' id='word_1_238' title='bbox 870 2359 970 2426; x_wconf 88' lang='lat' dir='ltr'><strong>castris,</strong></span> <span class='ocrx_word' id='word_1_239' title='bbox 989 2359 1178 2429; x_wconf 83' lang='lat' dir='ltr'><strong>ignorantibus</strong></span> <span class='ocrx_word' id='word_1_240' title='bbox 1191 2359 1277 2413; x_wconf 88' lang='lat' dir='ltr'><strong>eciam</strong></span> 
     </span>
     <span class='ocr_line' id='line_1_27' title="bbox 160 2429 1276 2503; baseline -0.001 -16"><span class='ocrx_word' id='word_1_241' title='bbox 160 2433 290 2503; x_wconf 81' lang='lat' dir='ltr'><strong>Egipciis,</strong></span> <span class='ocrx_word' id='word_1_242' title='bbox 310 2448 376 2502; x_wconf 90' lang='lat' dir='ltr'><strong>quos</strong></span> <span class='ocrx_word' id='word_1_243' title='bbox 395 2433 429 2486; x_wconf 89' lang='lat' dir='ltr'><strong>ad</strong></span> <span class='ocrx_word' id='word_1_244' title='bbox 448 2431 628 2486; x_wconf 88' lang='lat' dir='ltr'><strong>resistendum</strong></span> <span class='ocrx_word' id='word_1_245' title='bbox 647 2431 830 2498; x_wconf 86' lang='lat' dir='ltr'><strong>ordinaverat,</strong></span> <span class='ocrx_word' id='word_1_246' title='bbox 854 2429 882 2482; x_wconf 93' lang='lat' dir='ltr'><strong>in</strong></span> <span class='ocrx_word' id='word_1_247' title='bbox 901 2431 959 2482; x_wconf 89' lang='lat' dir='ltr'><strong>sola</strong></span> <span class='ocrx_word' id='word_1_248' title='bbox 977 2429 1043 2500; x_wconf 77' lang='lat' dir='ltr'><strong>fuge</strong></span> <span class='ocrx_word' id='word_1_249' title='bbox 1060 2447 1136 2500; x_wconf 87' lang='lat' dir='ltr'><strong>spem</strong></span> <span class='ocrx_word' id='word_1_250' title='bbox 1155 2435 1276 2499; x_wconf 89' lang='lat' dir='ltr'><strong>poneret.</strong></span> 
     </span>
     <span class='ocr_line' id='line_1_28' title="bbox 160 2501 1277 2574; baseline -0.003 -17"><span class='ocrx_word' id='word_1_251' title='bbox 160 2503 280 2574; x_wconf 82' lang='lat' dir='ltr'><strong>Quidam</strong></span> <span class='ocrx_word' id='word_1_252' title='bbox 306 2508 399 2558; x_wconf 87' lang='lat' dir='ltr'><strong>autem</strong></span> <span class='ocrx_word' id='word_1_253' title='bbox 424 2507 557 2573; x_wconf 89' lang='lat' dir='ltr'><strong>apostata,</strong></span> <span class='ocrx_word' id='word_1_254' title='bbox 584 2501 630 2571; x_wconf 93' lang='lat' dir='ltr'><strong>qui</strong></span> <span class='ocrx_word' id='word_1_255' title='bbox 658 2503 765 2572; x_wconf 81' lang='lat' dir='ltr'><strong>longo</strong></span> <span class='ocrx_word' id='word_1_256' title='bbox 793 2505 918 2570; x_wconf 88' lang='lat' dir='ltr'><strong>tempore</strong></span> <span class='ocrx_word' id='word_1_257' title='bbox 944 2502 1034 2571; x_wconf 83' lang='lat' dir='ltr'><strong>legem</strong></span> <span class='ocrx_word' id='word_1_258' title='bbox 1061 2501 1277 2555; x_wconf 80' lang='lat' dir='ltr'><strong>Christianorum</strong></span> 
     </span>
     <span class='ocr_line' id='line_1_29' title="bbox 160 2571 1278 2645; baseline -0.004 -16"><span class='ocrx_word' id='word_1_259' title='bbox 160 2581 342 2645; x_wconf 79' lang='lat' dir='ltr'><strong>transgressus</strong></span> <span class='ocrx_word' id='word_1_260' title='bbox 369 2591 432 2628; x_wconf 91' lang='lat' dir='ltr'><strong>cum</strong></span> <span class='ocrx_word' id='word_1_261' title='bbox 458 2574 593 2628; x_wconf 74' lang='lat' dir='ltr'><strong>soldarios</strong></span> <span class='ocrx_word' id='word_1_262' title='bbox 614 2572 788 2640; x_wconf 86' lang='lat' dir='ltr'><strong>militaverat,</strong></span> <span class='ocrx_word' id='word_1_263' title='bbox 813 2577 886 2625; x_wconf 87' lang='lat' dir='ltr'><strong>stans</strong></span> <span class='ocrx_word' id='word_1_264' title='bbox 903 2573 931 2626; x_wconf 92' lang='lat' dir='ltr'><strong>in</strong></span> <span class='ocrx_word' id='word_1_265' title='bbox 950 2573 1062 2628; x_wconf 89' lang='lat' dir='ltr'><strong>litore</strong></span> <span class='ocrx_word' id='word_1_266' title='bbox 1087 2573 1153 2642; x_wconf 88' lang='lat' dir='ltr'><strong>ripe</strong></span> <span class='ocrx_word' id='word_1_267' title='bbox 1172 2571 1278 2628; x_wconf 84' lang='lat' dir='ltr'><strong>Gallice</strong></span> 
     </span>
     <span class='ocr_line' id='line_1_30' title="bbox 124 2642 1277 2714; baseline -0.003 -14"><span class='ocrx_word' id='word_1_268' title='bbox 124 2647 312 2702; x_wconf 86' lang='lat' dir='ltr'><strong>acclamabat:</strong></span> <span class='ocrx_word' id='word_1_269' title='bbox 331 2643 431 2714; x_wconf 81' lang='lat' dir='ltr'><strong>‘Quare</strong></span> <span class='ocrx_word' id='word_1_270' title='bbox 450 2645 613 2698; x_wconf 78' lang='lat' dir='ltr'><strong>moramini?</strong></span> <span class='ocrx_word' id='word_1_271' title='bbox 641 2643 713 2714; x_wconf 80' lang='lat' dir='ltr'><strong>Quid</strong></span> <span class='ocrx_word' id='word_1_272' title='bbox 732 2644 893 2713; x_wconf 83' lang='lat' dir='ltr'><strong>trepidatis?</strong></span> <span class='ocrx_word' id='word_1_273' title='bbox 920 2643 1075 2697; x_wconf 82' lang='lat' dir='ltr'><strong>Soldanush</strong></span> <span class='ocrx_word' id='word_1_274' title='bbox 1089 2644 1174 2700; x_wconf 83' lang='lat' dir='ltr'><strong>abiit&#39;.</strong></span> <span class='ocrx_word' id='word_1_275' title='bbox 1202 2642 1277 2712; x_wconf 79' lang='lat' dir='ltr'><strong>Quo</strong></span> 
     </span>
     <span class='ocr_line' id='line_1_31' title="bbox 160 2715 1277 2784; baseline -0.002 -14"><span class='ocrx_word' id='word_1_276' title='bbox 160 2717 235 2770; x_wconf 85' lang='lat' dir='ltr'><strong>dicto</strong></span> <span class='ocrx_word' id='word_1_277' title='bbox 253 2733 282 2770; x_wconf 90' lang='lat' dir='ltr'><strong>se</strong></span> <span class='ocrx_word' id='word_1_278' title='bbox 300 2717 328 2770; x_wconf 92' lang='lat' dir='ltr'><strong>in</strong></span> <span class='ocrx_word' id='word_1_279' title='bbox 346 2715 489 2770; x_wconf 80' lang='lat' dir='ltr'><strong>navicula¹</strong></span> <span class='ocrx_word' id='word_1_280' title='bbox 515 2715 731 2770; x_wconf 83' lang='lat' dir='ltr'><strong>Christianorum</strong></span> <span class='ocrx_word' id='word_1_281' title='bbox 758 2715 845 2783; x_wconf 89' lang='lat' dir='ltr'><strong>recipi</strong></span> <span class='ocrx_word' id='word_1_282' title='bbox 870 2715 1028 2784; x_wconf 86' lang='lat' dir='ltr'><strong>postulavit,</strong></span> <span class='ocrx_word' id='word_1_283' title='bbox 1047 2715 1123 2768; x_wconf 92' lang='lat' dir='ltr'><strong>utin</strong></span> <span class='ocrx_word' id='word_1_284' title='bbox 1142 2719 1277 2784; x_wconf 88' lang='lat' dir='ltr'><strong>potestate</strong></span> 
     </span>
     <span class='ocr_line' id='line_1_32' title="bbox 62 2783 1277 2856; baseline -0.002 -16"><span class='ocrx_word' id='word_1_285' title='bbox 62 2799 256 2849; x_wconf 62' lang='lat' dir='ltr'><strong>‘ntsaeorum</strong></span> <span class='ocrx_word' id='word_1_286' title='bbox 276 2789 392 2856; x_wconf 76' lang='lat' dir='ltr'><strong>&#39;positus</strong></span> <span class='ocrx_word' id='word_1_287' title='bbox 407 2787 491 2842; x_wconf 90' lang='lat' dir='ltr'><strong>fidem</strong></span> <span class='ocrx_word' id='word_1_288' title='bbox 509 2787 589 2841; x_wconf 90' lang='lat' dir='ltr'><strong>dictis</strong></span> <span class='ocrx_word' id='word_1_289' title='bbox 607 2787 718 2841; x_wconf 83' lang='lat' dir='ltr'><strong>faceret.</strong></span> <span class='ocrx_word' id='word_1_290' title='bbox 746 2783 861 2840; x_wconf 86' lang='lat' dir='ltr'><strong>Summo</strong></span> <span class='ocrx_word' id='word_1_291' title='bbox 880 2785 965 2855; x_wconf 80' lang='lat' dir='ltr'><strong>igitur</strong></span> <span class='ocrx_word' id='word_1_292' title='bbox 983 2785 1137 2851; x_wconf 77' lang='lat' dir='ltr'><strong>dnuculok,</strong></span> <span class='ocrx_word' id='word_1_293' title='bbox 1156 2803 1219 2840; x_wconf 91' lang='lat' dir='ltr'><strong>cum</strong></span> <span class='ocrx_word' id='word_1_294' title='bbox 1237 2785 1277 2838; x_wconf 92' lang='lat' dir='ltr'><strong>in·</strong></span> 
     </span>
     <span class='ocr_line' id='line_1_33' title="bbox 160 2857 1278 2926; baseline -0.003 -14"><span class='ocrx_word' id='word_1_295' title='bbox 160 2859 291 2912; x_wconf 92' lang='lat' dir='ltr'><strong>choatum</strong></span> <span class='ocrx_word' id='word_1_296' title='bbox 309 2866 379 2912; x_wconf 84' lang='lat' dir='ltr'><strong>esset</strong></span> <span class='ocrx_word' id='word_1_297' title='bbox 396 2858 518 2912; x_wconf 81' lang='lat' dir='ltr'><strong>officium</strong></span> <span class='ocrx_word' id='word_1_298' title='bbox 537 2857 592 2912; x_wconf 87' lang='lat' dir='ltr'><strong>diei</strong></span> <span class='ocrx_word' id='word_1_299' title='bbox 610 2857 672 2911; x_wconf 83' lang='lat' dir='ltr'><strong>lasti</strong></span> <span class='ocrx_word' id='word_1_300' title='bbox 690 2875 740 2926; x_wconf 90' lang='lat' dir='ltr'><strong>per</strong></span> <span class='ocrx_word' id='word_1_301' title='bbox 757 2857 876 2910; x_wconf 90' lang='lat' dir='ltr'><strong>oratoria</strong></span> <span class='ocrx_word' id='word_1_302' title='bbox 897 2857 1127 2910; x_wconf 80' lang='lat' dir='ltr'><strong>Christianorum:</strong></span> <span class='ocrx_word' id='word_1_303' title='bbox 1155 2859 1278 2910; x_wconf 76' lang='lat' dir='ltr'><strong>Gaudea-</strong></span> 
     </span>
     <span class='ocr_line' id='line_1_34' title="bbox 159 2927 1277 2998; baseline -0.001 -16"><span class='ocrx_word' id='word_1_304' title='bbox 159 2947 220 2982; x_wconf 83' lang='lat' dir='ltr'><strong>mus</strong></span> <span class='ocrx_word' id='word_1_305' title='bbox 238 2946 325 2984; x_wconf 75' lang='lat' dir='ltr'><strong>omnes</strong></span> <span class='ocrx_word' id='word_1_306' title='bbox 352 2933 381 2982; x_wconf 80' lang='lat' dir='ltr'><strong>in</strong></span> <span class='ocrx_word' id='word_1_307' title='bbox 399 2931 522 2996; x_wconf 81' lang='lat' dir='ltr'><strong>Domino,</strong></span> <span class='ocrx_word' id='word_1_308' title='bbox 541 2929 683 2982; x_wconf 87' lang='lat' dir='ltr'><strong>nunctiata</strong></span> <span class='ocrx_word' id='word_1_309' title='bbox 709 2933 772 2981; x_wconf 90' lang='lat' dir='ltr'><strong>sunt</strong></span> <span class='ocrx_word' id='word_1_310' title='bbox 789 2929 840 2981; x_wconf 88' lang='lat' dir='ltr'><strong>hec</strong></span> <span class='ocrx_word' id='word_1_311' title='bbox 859 2927 968 2998; x_wconf 81' lang='lat' dir='ltr'><strong>legatol</strong></span> <span class='ocrx_word' id='word_1_312' title='bbox 994 2935 1021 2981; x_wconf 88' lang='lat' dir='ltr'><strong>et</strong></span> <span class='ocrx_word' id='word_1_313' title='bbox 1040 2929 1131 2982; x_wconf 82' lang='lat' dir='ltr'><strong>aliism</strong></span> <span class='ocrx_word' id='word_1_314' title='bbox 1149 2929 1277 2998; x_wconf 92' lang='lat' dir='ltr'><strong>principi-</strong></span> 
     </span>
     <span class='ocr_line' id='line_1_35' title="bbox 124 2999 1276 3070; baseline -0.003 -15"><span class='ocrx_word' id='word_1_315' title='bbox 124 3001 220 3055; x_wconf 79' lang='lat' dir='ltr'><strong>³⁶bua</strong></span> <span class='ocrx_word' id='word_1_316' title='bbox 250 3000 349 3070; x_wconf 89' lang='lat' dir='ltr'><strong>Itaque</strong></span> <span class='ocrx_word' id='word_1_317' title='bbox 367 3000 397 3053; x_wconf 86' lang='lat' dir='ltr'><strong>fu</strong></span> <span class='ocrx_word' id='word_1_318' title='bbox 419 3001 536 3054; x_wconf 83' lang='lat' dir='ltr'><strong>&#39;entibus</strong></span> <span class='ocrx_word' id='word_1_319' title='bbox 548 2999 666 3070; x_wconf 80' lang='lat' dir='ltr'><strong>Egiptiis</strong></span> <span class='ocrx_word' id='word_1_320' title='bbox 684 3003 845 3053; x_wconf 87' lang='lat' dir='ltr'><strong>nosstrate</strong></span> <span class='ocrx_word' id='word_1_321' title='bbox 864 2999 988 3053; x_wconf 90' lang='lat' dir='ltr'><strong>certatim</strong></span> <span class='ocrx_word' id='word_1_322' title='bbox 1007 3003 1054 3053; x_wconf 80' lang='lat' dir='ltr'><strong>etn</strong></span> <span class='ocrx_word' id='word_1_323' title='bbox 1078 3000 1204 3054; x_wconf 87' lang='lat' dir='ltr'><strong>alacriter</strong></span> <span class='ocrx_word' id='word_1_324' title='bbox 1217 3001 1276 3053; x_wconf 89' lang='lat' dir='ltr'><strong>abs-</strong></span> 
     </span>
     <span class='ocr_line' id='line_1_36' title="bbox 159 3070 1276 3142; baseline 0 -18"><span class='ocrx_word' id='word_1_325' title='bbox 159 3089 214 3142; x_wconf 89' lang='lat' dir='ltr'><strong>que</strong></span> <span class='ocrx_word' id='word_1_326' title='bbox 233 3071 308 3124; x_wconf 91' lang='lat' dir='ltr'><strong>omni</strong></span> <span class='ocrx_word' id='word_1_327' title='bbox 326 3072 400 3140; x_wconf 89' lang='lat' dir='ltr'><strong>impe</strong></span> <span class='ocrx_word' id='word_1_328' title='bbox 420 3071 523 3125; x_wconf 87' lang='lat' dir='ltr'><strong>imento</strong></span> <span class='ocrx_word' id='word_1_329' title='bbox 542 3071 714 3126; x_wconf 87' lang='lat' dir='ltr'><strong>transierunt.</strong></span> <span class='ocrx_word' id='word_1_330' title='bbox 752 3070 901 3139; x_wconf 85' lang='lat' dir='ltr'><strong>Templarii</strong></span> <span class='ocrx_word' id='word_1_331' title='bbox 926 3070 1058 3138; x_wconf 85' lang='lat' dir='ltr'><strong>preduces</strong></span> <span class='ocrx_word' id='word_1_332' title='bbox 1077 3071 1105 3124; x_wconf 92' lang='lat' dir='ltr'><strong>in</strong></span> <span class='ocrx_word' id='word_1_333' title='bbox 1123 3088 1276 3126; x_wconf 88' lang='lat' dir='ltr'><strong>ascensum</strong></span> 
     </span>
     <span class='ocr_line' id='line_1_37' title="bbox 160 3141 1276 3212; baseline 0.001 -17"><span class='ocrx_word' id='word_1_334' title='bbox 160 3159 294 3211; x_wconf 90' lang='lat' dir='ltr'><strong>equorum</strong></span> <span class='ocrx_word' id='word_1_335' title='bbox 321 3142 418 3196; x_wconf 87' lang='lat' dir='ltr'><strong>erectis</strong></span> <span class='ocrx_word' id='word_1_336' title='bbox 445 3142 529 3212; x_wconf 79' lang='lat' dir='ltr'><strong>signis</strong></span> <span class='ocrx_word' id='word_1_337' title='bbox 558 3158 676 3210; x_wconf 89' lang='lat' dir='ltr'><strong>propero</strong></span> <span class='ocrx_word' id='word_1_338' title='bbox 707 3159 786 3196; x_wconf 87' lang='lat' dir='ltr'><strong>cursu</strong></span> <span class='ocrx_word' id='word_1_339' title='bbox 816 3141 851 3194; x_wconf 90' lang='lat' dir='ltr'><strong>ad</strong></span> <span class='ocrx_word' id='word_1_340' title='bbox 879 3142 1017 3195; x_wconf 82' lang='lat' dir='ltr'><strong>civitatem</strong></span> <span class='ocrx_word' id='word_1_341' title='bbox 1046 3147 1276 3210; x_wconf 89' lang='lat' dir='ltr'><strong>pervenerunt,</strong></span> 
     </span>
     <span class='ocr_line' id='line_1_38' title="bbox 160 3212 1380 3282; baseline 0.001 -15"><span class='ocrx_word' id='word_1_342' title='bbox 160 3217 325 3268; x_wconf 76' lang='lat' dir='ltr'><strong>*sternentes</strong></span> <span class='ocrx_word' id='word_1_343' title='bbox 351 3212 478 3282; x_wconf 88' lang='lat' dir='ltr'><strong>perfidos,</strong></span> <span class='ocrx_word' id='word_1_344' title='bbox 506 3213 553 3282; x_wconf 91' lang='lat' dir='ltr'><strong>qui</strong></span> <span class='ocrx_word' id='word_1_345' title='bbox 577 3213 708 3266; x_wconf 84' lang='lat' dir='ltr'><strong>audacter</strong></span> <span class='ocrx_word' id='word_1_346' title='bbox 731 3213 817 3280; x_wconf 86' lang='lat' dir='ltr'><strong>portis</strong></span> <span class='ocrx_word' id='word_1_347' title='bbox 845 3213 946 3282; x_wconf 82' lang='lat' dir='ltr'><strong>egressi</strong></span> <span class='ocrx_word' id='word_1_348' title='bbox 963 3213 1135 3266; x_wconf 86' lang='lat' dir='ltr'><strong>venientibus</strong></span> <span class='ocrx_word' id='word_1_349' title='bbox 1153 3227 1380 3274; x_wconf 60' lang='lat' dir='ltr'><strong>occurre-miae.</strong></span> 
     </span>
     <span class='ocr_line' id='line_1_39' title="bbox 159 3283 1278 3353; baseline -0.003 -15"><span class='ocrx_word' id='word_1_350' title='bbox 159 3289 234 3338; x_wconf 90' lang='lat' dir='ltr'><strong>runt.</strong></span> <span class='ocrx_word' id='word_1_351' title='bbox 270 3283 354 3337; x_wconf 87' lang='lat' dir='ltr'><strong>Multi</strong></span> <span class='ocrx_word' id='word_1_352' title='bbox 381 3283 535 3352; x_wconf 86' lang='lat' dir='ltr'><strong>bellatores,</strong></span> <span class='ocrx_word' id='word_1_353' title='bbox 563 3284 664 3337; x_wconf 88' lang='lat' dir='ltr'><strong>relictis</strong></span> <span class='ocrx_word' id='word_1_354' title='bbox 691 3283 823 3336; x_wconf 81' lang='lat' dir='ltr'><strong>uxoribus</strong></span> <span class='ocrx_word' id='word_1_355' title='bbox 849 3289 877 3336; x_wconf 88' lang='lat' dir='ltr'><strong>et</strong></span> <span class='ocrx_word' id='word_1_356' title='bbox 903 3283 1032 3353; x_wconf 85' lang='lat' dir='ltr'><strong>parvulis,</strong></span> <span class='ocrx_word' id='word_1_357' title='bbox 1058 3283 1147 3336; x_wconf 89' lang='lat' dir='ltr'><strong>territi</strong></span> <span class='ocrx_word' id='word_1_358' title='bbox 1164 3287 1278 3352; x_wconf 88' lang='lat' dir='ltr'><strong>propter</strong></span> 
     </span>
     <span class='ocr_line' id='line_1_40' title="bbox 123 3353 1278 3425; baseline -0.004 -14"><span class='ocrx_word' id='word_1_359' title='bbox 123 3374 151 3413; x_wconf 81' lang='lat' dir='ltr'><strong>so</strong></span> <span class='ocrx_word' id='word_1_360' title='bbox 159 3355 332 3424; x_wconf 88' lang='lat' dir='ltr'><strong>inopinatum</strong></span> <span class='ocrx_word' id='word_1_361' title='bbox 350 3355 493 3408; x_wconf 71' lang='lat' dir='ltr'><strong>transstum</strong></span> <span class='ocrx_word' id='word_1_362' title='bbox 511 3355 652 3425; x_wconf 81' lang='lat' dir='ltr'><strong>fugierunt</strong></span> <span class='ocrx_word' id='word_1_363' title='bbox 676 3354 711 3408; x_wconf 91' lang='lat' dir='ltr'><strong>de</strong></span> <span class='ocrx_word' id='word_1_364' title='bbox 729 3353 864 3421; x_wconf 87' lang='lat' dir='ltr'><strong>Damiata,</strong></span> <span class='ocrx_word' id='word_1_365' title='bbox 891 3354 974 3408; x_wconf 85' lang='lat' dir='ltr'><strong>etsie</strong></span> <span class='ocrx_word' id='word_1_366' title='bbox 991 3371 1043 3423; x_wconf 91' lang='lat' dir='ltr'><strong>per</strong></span> <span class='ocrx_word' id='word_1_367' title='bbox 1060 3354 1150 3424; x_wconf 79' lang='lat' dir='ltr'><strong>girum</strong></span> <span class='ocrx_word' id='word_1_368' title='bbox 1169 3355 1278 3408; x_wconf 89' lang='lat' dir='ltr'><strong>obsessa</strong></span> 
     </span>
     <span class='ocr_line' id='line_1_41' title="bbox 160 3425 323 3482; baseline 0.006 -1"><span class='ocrx_word' id='word_1_369' title='bbox 160 3431 202 3481; x_wconf 86' lang='lat' dir='ltr'><strong>est</strong></span> <span class='ocrx_word' id='word_1_370' title='bbox 220 3425 323 3482; x_wconf 70' lang='lat' dir='ltr'><strong>civitas</strong></span> 
     </span>
     <span class='ocr_line' id='line_1_42' title="bbox 1234 3495 1379 3539; baseline 0.041 -6"><span class='ocrx_word' id='word_1_371' title='bbox 1234 3513 1239 3526; x_wconf 71' lang='grc' dir='ltr'><strong>ι</strong></span> <span class='ocrx_word' id='word_1_372' title='bbox 1286 3495 1379 3539; x_wconf 66' lang='lat' dir='ltr'><strong>saara</strong></span> 
     </span>
    </p>
   </div>
   <div class='ocr_carea' id='block_1_4' title="bbox 161 3501 1394 3727">
    <p class='ocr_par' dir='ltr' id='par_1_4' title="bbox 161 3501 1394 3727">
     <span class='ocr_line' id='line_1_43' title="bbox 267 3501 1386 3590; baseline 0 -24"><span class='ocrx_word' id='word_1_373' title='bbox 267 3502 351 3566; x_wconf 87' lang='lat' dir='ltr'><strong>Post</strong></span> <span class='ocrx_word' id='word_1_374' title='bbox 379 3502 508 3566; x_wconf 80' lang='lat' dir='ltr'><strong>festum</strong></span> <span class='ocrx_word' id='word_1_375' title='bbox 537 3523 617 3567; x_wconf 87' lang='lat' dir='ltr'><strong>vero</strong></span> <span class='ocrx_word' id='word_1_376' title='bbox 648 3501 1159 3566; x_wconf 85' lang='lat' dir='ltr'><strong>annunctiaoionisdominice1</strong></span> <span class='ocrx_word' id='word_1_377' title='bbox 1184 3529 1278 3583; x_wconf 79' lang='lat' dir='ltr'><strong>regma</strong></span> <span class='ocrx_word' id='word_1_378' title='bbox 1287 3549 1346 3588; x_wconf 41' lang='lat' dir='ltr'><strong>„a</strong></span> <span class='ocrx_word' id='word_1_379' title='bbox 1359 3549 1386 3590; x_wconf 51' lang='grc' dir='ltr'><strong>,ὁ</strong></span> 
     </span>
     <span class='ocr_line' id='line_1_44' title="bbox 161 3579 1394 3654; baseline -0.002 -16"><span class='ocrx_word' id='word_1_380' title='bbox 161 3585 304 3639; x_wconf 79' lang='lat' dir='ltr'><strong>civitatum</strong></span> <span class='ocrx_word' id='word_1_381' title='bbox 316 3585 504 3653; x_wconf 79' lang='lat' dir='ltr'><strong>Hierosolims,</strong></span> <span class='ocrx_word' id='word_1_382' title='bbox 523 3603 576 3654; x_wconf 90' lang='lat' dir='ltr'><strong>que</strong></span> <span class='ocrx_word' id='word_1_383' title='bbox 595 3585 740 3639; x_wconf 87' lang='lat' dir='ltr'><strong>videbatur</strong></span> <span class='ocrx_word' id='word_1_384' title='bbox 752 3584 1002 3654; x_wconf 76' lang='lat' dir='ltr'><strong>inexpugnabiliter</strong></span> <span class='ocrx_word' id='word_1_385' title='bbox 1014 3584 1126 3652; x_wconf 86' lang='lat' dir='ltr'><strong>mnnita,</strong></span> <span class='ocrx_word' id='word_1_386' title='bbox 1140 3584 1277 3637; x_wconf 84' lang='lat' dir='ltr'><strong>destructa</strong></span> <span class='ocrx_word' id='word_1_387' title='bbox 1347 3580 1353 3592; x_wconf 85' lang='lat'>&#39;</span> <span class='ocrx_word' id='word_1_388' title='bbox 1387 3579 1394 3592; x_wconf 86' lang='lat'><strong><em>&#39;</em></strong></span> 
     </span>
     <span class='ocr_line' id='line_1_45' title="bbox 161 3654 1277 3727; baseline -0.002 -17"><span class='ocrx_word' id='word_1_389' title='bbox 161 3661 204 3710; x_wconf 85' lang='lat' dir='ltr'><strong>est</strong></span> <span class='ocrx_word' id='word_1_390' title='bbox 230 3655 464 3727; x_wconf 79' lang='lat' dir='ltr'><strong>aOamdivagio⁰</strong></span> <span class='ocrx_word' id='word_1_391' title='bbox 487 3656 545 3710; x_wconf 89' lang='lat' dir='ltr'><strong>filio</strong></span> <span class='ocrx_word' id='word_1_392' title='bbox 564 3655 714 3725; x_wconf 82' lang='lat' dir='ltr'><strong>Saphadini</strong></span> <span class='ocrx_word' id='word_1_393' title='bbox 738 3655 803 3710; x_wconf 86' lang='lat' dir='ltr'><strong>loris</strong></span> <span class='ocrx_word' id='word_1_394' title='bbox 828 3661 856 3710; x_wconf 89' lang='lat' dir='ltr'><strong>ct</strong></span> <span class='ocrx_word' id='word_1_395' title='bbox 881 3656 961 3724; x_wconf 89' lang='lat' dir='ltr'><strong>intus,</strong></span> <span class='ocrx_word' id='word_1_396' title='bbox 986 3655 1058 3708; x_wconf 89' lang='lat' dir='ltr'><strong>muri</strong></span> <span class='ocrx_word' id='word_1_397' title='bbox 1077 3672 1138 3708; x_wconf 90' lang='lat' dir='ltr'><strong>cum</strong></span> <span class='ocrx_word' id='word_1_398' title='bbox 1157 3654 1277 3708; x_wconf 90' lang='lat' dir='ltr'><strong>turribus</strong></span> 
     </span>
    </p>
   </div>
   <div class='ocr_carea' id='block_1_5' title="bbox 124 3865 1278 4081">
    <p class='ocr_par' dir='ltr' id='par_1_5' title="bbox 124 3865 1278 4081">
     <span class='ocr_line' id='line_1_46' title="bbox 124 3865 1277 3920; baseline 0 -12"><span class='ocrx_word' id='word_1_399' title='bbox 124 3871 184 3918; x_wconf 64' lang='lat' dir='ltr'><strong>aba)</strong></span> <span class='ocrx_word' id='word_1_400' title='bbox 197 3871 228 3908; x_wconf 76' lang='grc' dir='ltr'><strong>ιιι</strong></span> <span class='ocrx_word' id='word_1_401' title='bbox 242 3869 422 3920; x_wconf 75' lang='lat' dir='ltr'><strong>a.01cs.,·quod</strong></span> <span class='ocrx_word' id='word_1_402' title='bbox 436 3874 454 3914; x_wconf 91' lang='lat'><strong>1.</strong></span> <span class='ocrx_word' id='word_1_403' title='bbox 508 3871 568 3920; x_wconf 87' lang='lat' dir='ltr'><strong>b)ln</strong></span> <span class='ocrx_word' id='word_1_404' title='bbox 583 3874 603 3911; x_wconf 89' lang='lat'><strong>1.</strong></span> <span class='ocrx_word' id='word_1_405' title='bbox 618 3871 644 3914; x_wconf 81' lang='lat' dir='ltr'><strong>B.</strong></span> <span class='ocrx_word' id='word_1_406' title='bbox 697 3871 718 3916; x_wconf 81' lang='lat' dir='ltr'><strong>c)</strong></span> <span class='ocrx_word' id='word_1_407' title='bbox 732 3871 791 3910; x_wconf 87' lang='lat' dir='ltr'><strong>nrcls</strong></span> <span class='ocrx_word' id='word_1_408' title='bbox 806 3872 824 3912; x_wconf 90' lang='lat'><strong>1.</strong></span> <span class='ocrx_word' id='word_1_409' title='bbox 838 3871 866 3910; x_wconf 77' lang='lat' dir='ltr'><strong>R.</strong></span> <span class='ocrx_word' id='word_1_410' title='bbox 921 3866 1010 3920; x_wconf 75' lang='lat' dir='ltr'><strong>dllgns</strong></span> <span class='ocrx_word' id='word_1_411' title='bbox 1025 3871 1043 3911; x_wconf 89' lang='lat'><strong>1.</strong></span> <span class='ocrx_word' id='word_1_412' title='bbox 1097 3865 1243 3918; x_wconf 72' lang='lat' dir='ltr'><strong>e)proiandr</strong></span> <span class='ocrx_word' id='word_1_413' title='bbox 1260 3871 1277 3911; x_wconf 83' lang='lat'><strong>1.</strong></span> 
     </span>
     <span class='ocr_line' id='line_1_47' title="bbox 161 3921 1277 3976; baseline -0.001 -12"><span class='ocrx_word' id='word_1_414' title='bbox 161 3923 308 3976; x_wconf 71' lang='lat' dir='ltr'><strong>odaultnats</strong></span> <span class='ocrx_word' id='word_1_415' title='bbox 323 3926 341 3968; x_wconf 90' lang='lat'><strong>1.</strong></span> <span class='ocrx_word' id='word_1_416' title='bbox 422 3925 444 3974; x_wconf 71' lang='lat' dir='ltr'><strong>g)</strong></span> <span class='ocrx_word' id='word_1_417' title='bbox 457 3925 557 3965; x_wconf 87' lang='lat' dir='ltr'><strong>solidano</strong></span> <span class='ocrx_word' id='word_1_418' title='bbox 573 3927 591 3968; x_wconf 81' lang='lat'><strong>1.</strong></span> <span class='ocrx_word' id='word_1_419' title='bbox 666 3925 689 3971; x_wconf 85' lang='lat' dir='ltr'><strong>h)</strong></span> <span class='ocrx_word' id='word_1_420' title='bbox 703 3925 814 3964; x_wconf 82' lang='lat' dir='ltr'><strong>solidarius</strong></span> <span class='ocrx_word' id='word_1_421' title='bbox 829 3927 847 3965; x_wconf 89' lang='lat' dir='ltr'><strong>l.</strong></span> <span class='ocrx_word' id='word_1_422' title='bbox 914 3923 931 3970; x_wconf 86' lang='lat' dir='ltr'><strong>l)</strong></span> <span class='ocrx_word' id='word_1_423' title='bbox 944 3923 975 3961; x_wconf 78' lang='lat' dir='ltr'><strong>sie</strong></span> <span class='ocrx_word' id='word_1_424' title='bbox 988 3923 1016 3960; x_wconf 82' lang='lat' dir='ltr'><strong>R.</strong></span> <span class='ocrx_word' id='word_1_425' title='bbox 1031 3921 1099 3968; x_wconf 65' lang='lat' dir='ltr'><strong>oum</strong></span> <span class='ocrx_word' id='word_1_426' title='bbox 1119 3922 1244 3962; x_wconf 79' lang='lat' dir='ltr'><strong>naviculam</strong></span> <span class='ocrx_word' id='word_1_427' title='bbox 1259 3925 1277 3964; x_wconf 93' lang='lat' dir='ltr'><strong>l.</strong></span> 
     </span>
     <span class='ocr_line' id='line_1_48' title="bbox 160 3974 1278 4026; baseline -0.003 -10"><span class='ocrx_word' id='word_1_428' title='bbox 160 3976 186 4024; x_wconf 80' lang='lat' dir='ltr'><strong>k)</strong></span> <span class='ocrx_word' id='word_1_429' title='bbox 199 3974 290 4017; x_wconf 85' lang='lat' dir='ltr'><strong>diliculo</strong></span> <span class='ocrx_word' id='word_1_430' title='bbox 306 3979 325 4020; x_wconf 90' lang='lat' dir='ltr'><strong>l.</strong></span> <span class='ocrx_word' id='word_1_431' title='bbox 391 3978 575 4026; x_wconf 81' lang='lat' dir='ltr'><strong>l)slolt.01io.,·</strong></span> <span class='ocrx_word' id='word_1_432' title='bbox 596 3989 637 4017; x_wconf 75' lang='lat' dir='ltr'><strong>oen.</strong></span> <span class='ocrx_word' id='word_1_433' title='bbox 654 3979 671 4020; x_wconf 91' lang='grc'><strong>1.</strong></span> <span class='ocrx_word' id='word_1_434' title='bbox 732 3977 847 4026; x_wconf 74' lang='grc' dir='ltr'><strong>ιιι)ιιιΒ,</strong></span> <span class='ocrx_word' id='word_1_435' title='bbox 862 3976 928 4024; x_wconf 63' lang='lat' dir='ltr'><strong>Olim</strong></span> <span class='ocrx_word' id='word_1_436' title='bbox 948 3975 993 4014; x_wconf 87' lang='lat' dir='ltr'><strong>alla</strong></span> <span class='ocrx_word' id='word_1_437' title='bbox 1009 3977 1026 4017; x_wconf 84' lang='lat'><strong>1.</strong></span> <span class='ocrx_word' id='word_1_438' title='bbox 1087 3974 1196 4026; x_wconf 78' lang='lat' dir='ltr'><strong>n)aioR.</strong></span> <span class='ocrx_word' id='word_1_439' title='bbox 1211 3975 1278 4022; x_wconf 68' lang='lat' dir='ltr'><strong>oua,-</strong></span> 
     </span>
     <span class='ocr_line' id='line_1_49' title="bbox 160 4027 1159 4081; baseline 0.002 -12"><span class='ocrx_word' id='word_1_440' title='bbox 160 4041 188 4070; x_wconf 77' lang='lat' dir='ltr'><strong>ac</strong></span> <span class='ocrx_word' id='word_1_441' title='bbox 202 4033 220 4073; x_wconf 93' lang='lat' dir='ltr'><strong>l.</strong></span> <span class='ocrx_word' id='word_1_442' title='bbox 274 4033 296 4078; x_wconf 86' lang='lat' dir='ltr'><strong>o)</strong></span> <span class='ocrx_word' id='word_1_443' title='bbox 309 4031 340 4069; x_wconf 78' lang='lat' dir='ltr'><strong>alo</strong></span> <span class='ocrx_word' id='word_1_444' title='bbox 355 4033 381 4080; x_wconf 85' lang='lat'><strong>1;</strong></span> <span class='ocrx_word' id='word_1_445' title='bbox 395 4031 529 4081; x_wconf 75' lang='lat' dir='ltr'><strong>Caradlaglo</strong></span> <span class='ocrx_word' id='word_1_446' title='bbox 544 4031 558 4073; x_wconf 75' lang='lat' dir='ltr'><strong>l.</strong></span> <span class='ocrx_word' id='word_1_447' title='bbox 573 4029 687 4080; x_wconf 84' lang='lat' dir='ltr'><strong>Caphsdln</strong></span> <span class='ocrx_word' id='word_1_448' title='bbox 702 4029 768 4078; x_wconf 54' lang='lat' dir='ltr'><strong>Elam</strong></span> <span class='ocrx_word' id='word_1_449' title='bbox 782 4027 920 4080; x_wconf 73' lang='lat' dir='ltr'><strong>carladlsglo</strong></span> <span class='ocrx_word' id='word_1_450' title='bbox 935 4029 967 4076; x_wconf 81' lang='lat' dir='ltr'><strong>B,·</strong></span> <span class='ocrx_word' id='word_1_451' title='bbox 981 4028 1091 4068; x_wconf 73' lang='lat' dir='ltr'><strong>connino</strong></span> <span class='ocrx_word' id='word_1_452' title='bbox 1105 4027 1159 4071; x_wconf 74' lang='lat' dir='ltr'><strong>olto.</strong></span> 
     </span>
    </p>
   </div>
   <div class='ocr_carea' id='block_1_6' title="bbox 10 4221 1276 4434">
    <p class='ocr_par' dir='ltr' id='par_1_6' title="bbox 10 4221 1276 4434">
     <span class='ocr_line' id='line_1_50' title="bbox 161 4221 1274 4294; baseline -0.007 -12"><span class='ocrx_word' id='word_1_453' title='bbox 161 4228 189 4294; x_wconf 79' lang='lat'><strong>1)</strong></span> <span class='ocrx_word' id='word_1_454' title='bbox 209 4225 249 4278; x_wconf 82' lang='lat' dir='ltr'><strong>De</strong></span> <span class='ocrx_word' id='word_1_455' title='bbox 266 4231 380 4292; x_wconf 73' lang='lat' dir='ltr'><strong>tempore</strong></span> <span class='ocrx_word' id='word_1_456' title='bbox 397 4241 536 4278; x_wconf 69' lang='lat' dir='ltr'><strong>marorum</strong></span> <span class='ocrx_word' id='word_1_457' title='bbox 554 4225 860 4292; x_wconf 79' lang='lat' dir='ltr'><strong>Hierosolyma&#39;tonorum</strong></span> <span class='ocrx_word' id='word_1_458' title='bbox 877 4225 1071 4276; x_wconf 55' lang='lat' dir='ltr'><strong>daemonnm</strong></span> <span class='ocrx_word' id='word_1_459' title='bbox 1089 4223 1146 4276; x_wconf 80' lang='lat' dir='ltr'><strong>aide</strong></span> <span class='ocrx_word' id='word_1_460' title='bbox 1163 4221 1274 4287; x_wconf 76' lang='lat' dir='ltr'><strong>Wilkea,</strong></span> 
     </span>
     <span class='ocr_line' id='line_1_51' title="bbox 10 4295 1276 4364; baseline -0.001 -14"><span class='ocrx_word' id='word_1_461' title='bbox 10 4315 12 4322; x_wconf 86' lang='grc'><em>·</em></span> <span class='ocrx_word' id='word_1_462' title='bbox 122 4297 263 4356; x_wconf 73' lang='lat' dir='ltr'><strong>so‘Gsocls.</strong></span> <span class='ocrx_word' id='word_1_463' title='bbox 275 4298 302 4351; x_wconf 77' lang='lat' dir='ltr'><strong>d.</strong></span> <span class='ocrx_word' id='word_1_464' title='bbox 315 4297 485 4363; x_wconf 69' lang='lat' dir='ltr'><strong>Kreuseatpe’</strong></span> <span class='ocrx_word' id='word_1_465' title='bbox 500 4297 545 4363; x_wconf 88' lang='lat' dir='ltr'><strong>VI,</strong></span> <span class='ocrx_word' id='word_1_466' title='bbox 562 4314 591 4364; x_wconf 83' lang='lat' dir='ltr'><strong>p.</strong></span> <span class='ocrx_word' id='word_1_467' title='bbox 604 4299 666 4364; x_wconf 78' lang='lat'><strong>237,</strong></span> <span class='ocrx_word' id='word_1_468' title='bbox 685 4315 711 4352; x_wconf 77' lang='lat' dir='ltr'><strong>a.</strong></span> <span class='ocrx_word' id='word_1_469' title='bbox 723 4299 765 4361; x_wconf 74' lang='lat'><strong>77,</strong></span> <span class='ocrx_word' id='word_1_470' title='bbox 784 4295 832 4348; x_wconf 80' lang='lat' dir='ltr'><strong>abi</strong></span> <span class='ocrx_word' id='word_1_471' title='bbox 848 4297 989 4350; x_wconf 66' lang='lat' dir='ltr'><strong>daerente</strong></span> <span class='ocrx_word' id='word_1_472' title='bbox 1008 4295 1092 4350; x_wconf 74' lang='lat' dir='ltr'><strong>Most.</strong></span> <span class='ocrx_word' id='word_1_473' title='bbox 1107 4297 1148 4350; x_wconf 88' lang='lat'><strong>19.</strong></span> <span class='ocrx_word' id='word_1_474' title='bbox 1167 4299 1215 4346; x_wconf 77' lang='lat' dir='ltr'><strong>aut</strong></span> <span class='ocrx_word' id='word_1_475' title='bbox 1233 4295 1276 4349; x_wconf 77' lang='grc'><strong>25.</strong></span> 
     </span>
     <span class='ocr_line' id='line_1_52' title="bbox 160 4368 457 4434; baseline 0.003 -13"><span class='ocrx_word' id='word_1_476' title='bbox 160 4371 264 4434; x_wconf 74' lang='lat' dir='ltr'><strong>incepta</strong></span> <span class='ocrx_word' id='word_1_477' title='bbox 280 4383 333 4420; x_wconf 80' lang='lat' dir='ltr'><strong>esse</strong></span> <span class='ocrx_word' id='word_1_478' title='bbox 349 4368 457 4422; x_wconf 60' lang='lat' dir='ltr'><strong>dabar.</strong></span> 
     </span>
    </p>
   </div>
   <div class='ocr_carea' id='block_1_7' title="bbox 0 0 1617 4850">
    <p class='ocr_par' dir='ltr' id='par_1_7' title="bbox 0 0 1617 4850">
     <span class='ocr_line' id='line_1_53' title="bbox 0 0 1617 4850; baseline 0 0"><span class='ocrx_word' id='word_1_479' title='bbox 0 0 1617 4850; x_wconf 95' lang='lat' dir='ltr'><strong> </strong></span> 
     </span>
    </p>
   </div>
  </div>
 </body>
</html>
