3232 4856
565 361 732 420 ORONIOA
750 361 886 418 MINOR.
1234 366 1286 420 509

166 547 286 612 sionem
308 546 345 610 in
368 552 519 612 conuentu
539 545 681 625 fratrum
697 545 864 610 Minaeum
887 545 1008 625 factam
1030 567 1096 610 esse
1118 545 1215 625 facile
1237 546 1285 610 de·

166 642 370 701 monstratur.
419 634 464 698 In
487 635 722 699 continuatione
745 657 774 698 a.
799 639 1025 699 1267-1272.
1050 634 1175 716 quidem
1202 634 1286 699 nituit

167 726 251 807 quod
272 725 316 789 ad
338 723 495 789 ciuitatem
517 723 774 804 Euphordensem
798 723 967 804 pertineat,
992 725 1048 788 sed
1069 723 1225 805 quaedam
1248 725 1286 788 de

166 815 260 879 rebus
279 811 497 895 Thurinqicis,
515 813 677 893 permulta
695 813 732 876 de
747 811 906 891 fratribus
921 811 1109 878 Minoribus
1128 811 1240 877 131333
1257 818 1288 876 et

135 925 148 965 3
167 902 244 966 loeis
255 902 292 966 in
303 902 364 966 itae
375 901 554 966 recensione
566 900 695 983 additis,
713 906 805 982 atque
819 901 856 965 in
867 901 919 966 teis
934 901 1030 966 etiam
1042 899 1286 982 Erphardensia

167 989 253 1072 teqis.
289 990 334 1054 Et
354 989 391 1054 in
406 990 466 1055 hac
481 989 661 1054 recensione
677 989 775 1054 iidem
793 989 869 1054 iibri
884 989 1034 1070 exscripti
1049 995 1131 1068 sunt,
1155 1010 1231 1070 quos
1250 988 1286 1052 in

161 1079 273 1160 prima
296 1085 325 1143 et
346 1081 484 1144 secunda
499 1077 656 1143 adhibitos
674 1099 739 1142 esse
761 1078 907 1158 uidimus,
930 1077 1083 1160 inprimis
1098 1077 1286 1142 nuceta-et

167 1169 262 1232 codsa
284 1167 410 1232 Montis
434 1168 466 1231 S.
485 1166 575 1231 Petri
597 1188 667 1231 cum
688 1165 842 1247 auctario,
866 1173 932 1231 tum
949 1167 1115 1247 Lamperti
1129 1167 1284 1246 Annales,

166 1256 301 1320 Eusebii
336 1255 486 1320 Historia
519 1255 729 1320 ecclesiastica
763 1256 920 1321 translata
955 1277 976 1320 a
1010 1256 1140 1335 Rufino,
1178 1255 1285 1320 Orosii

133 1344 342 1424 10Histariae,
367 1343 457 1408 Petri
482 1343 669 1410 Omnestoris
690 1343 842 1408 Historia
863 1344 1037 1424 scolastica,
1062 1343 1186 1408 Isidori
1208 1345 1284 1426 Erp-

166 1433 328 1514 motopiue,
352 1439 418 1497 tum
441 1432 564 1497 tibetins
585 1432 640 1497 iiie
654 1433 840 1512 tabidarum
855 1432 1086 1511 Romanarum,
1110 1453 1200 1513 quem
1216 1454 1286 1497 curn

167 1522 380 1586 Mirabitibus
395 1521 516 1586 Romae
534 1523 760 1602 quodammodo
776 1521 940 1586 eououere
955 1542 1055 1603 supra
1064 1544 1098 1602 p.
1109 1527 1184 1585 494.
1204 1521 1284 1585 diui-

166 1631 245 1688 333,
259 1610 393 1675 cottectio
406 1609 552 1674 Vitarum
562 1615 751 1688 sanctarum,
764 1630 859 1690 quam
870 1609 907 1673 r'n
917 1610 1028 1692 prima
1039 1610 1219 1675 recensione
1230 1611 1284 1675 ad·

166 1699 298 1763 iibitam
329 1720 393 1763 esse
408 1698 546 1762 uidimus
556 1699 575 1779 ¹,
605 1697 754 1778 Greqorii
776 1698 897 1779 Maqni
920 1698 1062 1780 Diatopi,
1091 1699 1189 1764 Gtosa
1208 1699 1284 1763 Bib-

132 1787 238 1866 ntiae,
257 1787 412 1852 Gratiani
423 1787 592 1852 Decretum
607 1793 636 1851 et
647 1787 828 1851 Decretates
844 1786 994 1868 Greqorii
1001 1787 1026 1850 Ι
1025 1788 1068 1852 Χ.
1098 1788 1188 1854 Unus
1200 1787 1285 1852 iocus

166 1882 202 1940 ut
223 1878 324 1957 ptura
354 1876 390 1940 in
419 1876 599 1941 recensione
621 1874 732 1956 prima
761 1895 831 1940 cnm
853 1874 1033 1940 Bonieonis
1055 1877 1188 1942 Decreta
1215 1897 1283 1941 con·

166 1965 281 2029 ventu.
322 1964 433 2028 Etiam
456 1985 528 2029 uero
552 1963 628 2028 iibri
650 1963 687 2028 in
704 1963 871 2044 prioribus
886 1964 1122 2030 recensionibus
1144 1967 1284 2030 nondum

167 2054 303 2118 adhibiti
332 2054 368 2118 in
390 2060 506 2134 quarta
535 2052 685 2133 exscripti
714 2059 796 2132 3331,
826 2053 964 2118 manime
987 2053 1098 2118 Iacobi
1127 2056 1164 2118 de
1184 2055 1283 2120 Vara·

164 2142 239 2224 qine
263 2144 412 2226 Leqenda
435 2143 556 2206 Arcena.
604 2143 713 2222 Neque
736 2142 804 2206 cius
826 2143 907 2206 tocos
928 2148 1038 2224 postea
1062 2143 1101 2208 ab
1124 2142 1190 2206 atio
1212 2165 1282 2224 quo·

131 2233 240 2298 rodam
256 2238 388 2312 quartae
403 2230 579 2296 recensioni
601 2229 735 2295 insertos
757 2251 821 2295 esse
837 2230 977 2296 conicere
994 2238 1091 2311 potes,
1116 2253 1185 2296 cum
1200 2253 1284 2296 renus

166 2341 272 2384 eorum
305 2321 343 2384 in
373 2320 574 2401 archetypum
606 2318 746 2384 corticum
779 2317 813 2382 B
833 2324 864 2382 4.
889 2326 918 2382 5.
944 2325 1000 2382 5².
1023 2319 1067 2399 D,
1098 2320 1165 2384 ium
1196 2342 1283 2385 anno

169 2415 263 2490 1274,
286 2415 322 2472 ut
343 2429 442 2489 supra
459 2430 495 2488 p.
512 2414 587 2471 505.
610 2407 757 2488 uidimus,
780 2408 939 2488 scriptum,
971 2415 1203 2489 transsumptus
1231 2410 1281 2473 sit.

166 2497 310 2577 Apparet
338 2495 438 2578 iqitur
465 2497 648 2579 Leqendam
676 2496 820 2560 Auream
854 2496 921 2559 iam
955 2496 1120 2577 aliquanto
1150 2503 1283 2578 tempore

166 2593 240 2650 ante
263 2609 293 2650 a.
314 2592 407 2664 1271,
432 2587 515 2666 quod
535 2585 700 2666 linumque,
725 2585 809 2665 quod
829 2584 938 2665 sciam,
962 2585 1180 2666 iquorubatur,
1206 2607 1282 2650 com-

131 2674 300 2754 espositam
323 2675 416 2738 esse³.
454 2675 539 2738 Sane
562 2679 641 2738 recte
664 2673 853 2737 caniciem-us
876 2679 932 2738 aut
954 2695 983 2738 a.
1001 2679 1094 2737 1271.
1115 2681 1170 2738 aut
1183 2675 1283 2754 panto

167 2768 240 2827 ante
263 2763 346 2826 terrere
369 2783 490 2826 annum
514 2761 625 2827 Iacobr‘
648 2761 764 2825 tibrum
787 2761 824 2825 in
847 2768 1030 2826 conuentum
1051 2763 1193 2840 fratrum
1216 2762 1281 2826 Mi-

166 2871 280 2914 nmum
295 2850 550 2931 Erpieordensem
574 2850 705 2914 attatum
723 2851 819 2914 esse4.
854 2849 965 2915 Huius
981 2850 1173 2932 pnoesertim
1196 2852 1282 2916 ctuo·
1376 2865 1377 2870 ’
1405 2923 1408 2931 ,

166 2938 261 3003 nicon
284 2937 501 3003 breuissimum
524 2938 621 3019 capiti
647 2945 718 3003 181.
743 2937 926 3019 1333313335,
957 2941 1063 3004 sedet
1085 2940 1153 3005 atia
1176 2941 1281 3021 capita

166 3034 275 3091 333133·
297 3034 430 3109 quartae
452 3026 644 3092 recensionis
667 3026 841 3107 exscripsit.
889 3028 1060 3093 Praeterea
1085 3029 1281 3109 particulam

130 3146 157 3186 a
170 3115 290 3180 Otioeri
313 3116 479 3181 Historiae
494 3115 705 3181 Damiatiuae
725 3117 763 3180 de
778 3115 985 3197 Macteometo,
1009 3137 1118 3182 333333
1142 3118 1282 3200 Stipttue

165 3206 203 3268 de
239 3205 368 3269 Cirristo
401 3225 439 3268 eu
467 3225 608 3269 smmorue
636 3204 720 3284 fatso
747 3203 929 3285 Anqustino
962 3205 1120 3286 attributo,
1156 3206 1281 3288 anatii

164 3294 311 3374 epistolas
333 3293 461 3373 spurias
483 3293 626 3374 intepras
648 3293 876 3374 transscripsit,
900 3314 999 3358 unum
1014 3294 1114 3358 iocum
1130 3315 1168 3358 333
1184 3295 1279 3360 Inna

164 3382 260 3446 centii
276 3382 352 3445 ΙΙΙ.
370 3403 477 3463 papae
498 3381 591 3446 tibris
613 3381 833 3464 mysteriorum
847 3380 985 3447 missae⁶
1000 3383 1160 3464 eucerpsit.
1201 3385 1281 3448 Tum

165 3627 191 3692 l)
213 3627 288 3690 Quod
306 3629 423 3679 manime
446 3643 479 3678 eac
496 3642 524 3678 eo
540 3627 681 3694 probatur,
707 3627 778 3692 quod
795 3627 892 3690 sabula
913 3628 944 3678 de
961 3627 1046 3680 Lem
1060 3643 1137 3695 papa
1154 3628 1279 3680 Arriano

128 3701 192 3754 asin
207 3701 301 3766 prima
319 3701 466 3750 recensione
484 3703 602 3749 narrata
627 3699 656 3748 in
680 3697 730 3749 trac
752 3701 899 3750 recensione
917 3715 950 3750 33
968 3700 1056 3751 codun
1075 3699 1182 3764 lequsda
1201 3705 1278 3750 aucta

161 3772 204 3823 sit.
268 3772 296 3835 2)
315 3771 408 3821 littam
426 3769 574 3820 indiculum
593 3768 718 3820 ordinum
736 3769 922 3834 reliqiosmum
940 3771 1058 3834 mindun,
1077 3773 1126 3836 qui
1143 3773 1173 3821 in
1191 3787 1278 3822 reeen-

162 3843 235 3892 sione
249 3843 343 3908 prima
362 3843 513 3908 exscriptus
530 3846 575 3906 est,
594 3845 688 3892 undar
699 3847 812 3905 quartae
824 3841 977 3893 adhibuisse
995 3842 1106 3896 minor.
1162 3843 1190 3909 3)
1210 3847 1278 3894 Arete

162 3927 187 3965 a.
202 3913 280 3975 1273,
298 3928 349 3978 quo
360 3911 496 3975 liudolfus
513 3927 564 3962 reu
581 3912 675 3963 electus
692 3916 737 3977 est,
755 3912 803 3963 itoo
815 3913 916 3976 factum
934 3927 987 3963 esse
1004 3915 1090 3964 statui
1101 3915 1199 3978 potuit,
1219 3928 1278 3962 cum

162 3981 272 4035 Iacobus
295 3987 323 4034 in
350 3983 473 4034 clausula
491 3983 611 4034 chronici
627 3983 776 4033 meoessimi
791 3998 812 4036 o.
827 3984 886 4037 181.
905 3984 1001 4035 ireserti
1018 3984 1159 4035 aruum
1176 3983 1215 4038 II.
1235 3983 1278 4034 de-

126 4054 253 4117 uofunata
270 4055 353 4106 sedem
371 4056 482 4120 imperii
504 4054 637 4120 numisque
661 4069 755 4105 uacare
773 4054 887 4116 duntu-
911 4055 944 4118 es.
968 4055 1015 4108 SS.
1035 4055 1145 4119 XXIV,
1167 4072 1197 4121 p.
1217 4056 1277 4109 167.

161 4126 189 4190 4)
205 4125 266 4176 Iam
284 4126 388 4192 quidem
401 4128 509 4192 primae
526 4125 685 4178 resumimus
698 4126 864 4192 pamrsuma
882 4126 1011 4191 quomam
1030 4141 1088 4178 cum
1101 4125 1191 4178 Iaoobi
1207 4125 1277 4177 libro

161 4197 352 4260 quodammodo
369 4199 532 4261 conueniunt,
551 4195 597 4246 sed
614 4195 677 4248 11333
693 4210 748 4246 nou
767 4202 853 4264 tanta
869 4211 899 4247 ac
919 4197 985 4248 talia
1003 4202 1074 4262 ment,
1094 4203 1123 4248 ut
1141 4199 1197 4248 iam
1215 4203 1278 4248 tune

162 4274 293 4319 auctuum
312 4267 497 4320 annaliorum
515 4267 637 4318 hahuisse
654 4269 755 4319 musaei
767 4269 860 4334 possit.
914 4267 942 4334 5)
960 4267 1044 4320 Cuius
1058 4285 1129 4335 pars
1143 4271 1278 4334 posterior

161 4336 209 4390 SS.
222 4339 331 4404 XXIV,
352 4357 382 4406 p.
403 4341 481 4393 167-
492 4340 551 4393 171.
576 4339 646 4390 edita
671 4343 714 4392 cst.
805 4340 833 4405 6)
853 4339 906 4402 Qut
923 4339 1085 4392 liminium
1104 4342 1133 4391 iu
1152 4339 1277 4406 33333313
