3254 4862
328 265 381 320 718
553 259 745 316 ΟΒΟΝΙΟΑΕ
764 259 928 316 MINORIS
947 259 1146 316 APPENDIX
1165 259 1221 315 ΠΙ.

436 451 603 527 Gregorius
626 467 708 526 papa
731 451 756 510 1.
780 451 946 508 constituit
968 451 1223 509 benediccionem
1246 451 1387 508 cinerum
1415 457 1447 507 et

328 541 520 616 psalmorum
545 545 620 598 ante
643 541 784 597 missam.

203 601 320 706 σῖξῖἶν
436 616 586 672 celestinus
604 633 676 686 papa
693 615 716 672 1.
737 617 879 671 constitnit
896 621 959 671 ante
977 617 1087 671 missam
1106 616 1257 687 psalmum:
1282 618 1378 670 Iudice
1399 635 1447 682 me,

328 709 410 773 Deua,
430 706 513 774 quia
532 725 566 760 ex
584 706 636 760 hoc
654 707 760 775 psalmo
779 706 918 776 colligitur
936 705 1071 760 confessio
1089 705 1233 776 generalis,
1252 716 1347 775 quam
1363 698 1448 757 Ordo

329 789 491 847 Romanus
513 789 619 847 habet.
1458 811 1471 848 o

212 903 320 952 reposo.
436 883 552 938 Sanctus
569 884 718 955 Gregorius
736 901 808 954 papa
825 882 850 938 1.
869 883 1011 938 introitum
1030 883 1230 937 constitnit
1248 882 1282 935 et
1296 877 1444 934 versum⁸

330 967 369 1024 de
392 962 536 1042 psalmol
560 978 587 1027 et
609 971 665 1027 dici
686 973 812 1026 instituit.

161 1063 320 1114 rugosam.
436 1044 570 1099 Nicenum
602 1044 748 1098 concilium
779 1047 814 1098 et
843 1048 991 1098 sanctus
1021 1040 1175 1097 Ieronimus
1205 1048 1449 1114 composuerunt

332 1136 429 1187 Gloria
450 1137 536 1202 patri.
573 1132 650 1187 Hoc
673 1130 824 1187 Damasusb
847 1149 919 1202 papa
942 1126 982 1184 ad
1006 1126 1098 1183 horas
1122 1130 1194 1202 post
1216 1127 1356 1204 psalmos
1378 1135 1448 1202 [can-

330 1223 417 1293 tariss]
444 1222 598 1290 constituit,
623 1216 679 1274 sed
707 1220 836 1274 sanctus
863 1214 1031 1291 Gregorius
1061 1215 1123 1274 dici
1153 1217 1186 1273 in
1216 1217 1313 1273 missa
1345 1214 1448 1274 Gloria
1461 1239 1486 1274 ιο

324 1306 411 1380 patri
433 1305 606 1364 constituit.

211 1401 321 1451 optes.
437 1382 568 1438 Silvester
585 1399 657 1450 papa
675 1381 698 1438 Ι.
718 1381 752 1436 de
768 1379 883 1435 Greco²
900 1382 1016 1450 sumpsit
1031 1380 1235 1448 Kyrsslaaond,
1254 1383 1449 1446 Girideleison,

331 1473 501 1538 Kym'elesson
526 1466 614 1522 etin
637 1465 735 1522 missa
758 1465 819 1521 dici
842 1464 1016 1533 constituit,
1041 1464 1097 1521 sed
1127 1467 1256 1522 sanctus
1280 1463 1448 1539 Gregorius

331 1572 413 1630 papa
435 1555 477 1611 ad
500 1555 593 1611 horas
617 1554 712 1611 etad
735 1554 865 1610 missam
890 1551 1091 1626 Kyrielusou⁰
1116 1553 1177 1610 diei
1200 1547 1393 1611 constituit³.

212 1649 321 1699 ‘⁶·¹'·⁵‘⁹·
384 1629 1066 1756 util⁶l⁶thttltt²ptttltttttl
1083 1630 1487 1756 itlittltittlliffl

249 1789 279 1838 ‘a
288 1791 320 1831 8ο.
331 1719 364 1827 leo
364 1721 458 1843 1lisque
473 1743 504 1826 ln
522 1719 720 1827 finemyGloria
739 1776 768 1826 in
786 1775 895 1826 arcem
912 1719 1075 1842 pllrlepcit
1094 1775 1145 1827 'et
1165 1743 1341 1844 compoluit‘.

212 1861 321 1912 russea
438 1844 597 1898 Anastasius
622 1861 693 1913 papa
718 1842 799 1897 ΙΙῑιΙῦ
825 1846 921 1897 Gloria
946 1847 975 1897 ln
999 1845 1106 1898 aaut
1133 1845 1161 1898 in
1187 1844 1343 1898 dominicis
1368 1849 1395 1898 et
1419 1845 1448 1897 in

331 1915 407 1968 festis
426 1915 550 1969 cantari
568 1915 718 1968 constituit.

212 2021 321 2071 supero.
439 2003 562 2058 Gelasius
587 2021 658 2072 papa
677 2002 701 2057 Ι.
727 2007 761 2057 et
785 2005 949 2058 Ambrosius
974 2004 1102 2058 collectas
1128 2009 1386 2074 composuerunt,
1410 2017 1486 2056 exre

209 2086 392 2159 superciliis
416 2087 570 2161 quasdam
593 2091 722 2144 sanctus
746 2086 914 2161 Gregorius
937 2088 1066 2162 accepit,
1090 2093 1182 2148 alias
1201 2095 1278 2164 ipse
1297 2094 1450 2162 composuit

332 2185 361 2235 et
385 2181 440 2235 diei
462 2176 495 2232 in
517 2175 601 2232 horis
625 2175 712 2232 etin
736 2176 834 2233 missa
857 2181 1027 2236 constitnit.

209 2270 323 2320 suptar
438 2253 587 2306 Anacletus
606 2269 678 2321 papa
696 2254 757 2306 Parc
774 2255 846 2306 solu
863 2258 892 2307 et
909 2253 1041 2306 Dominus
1058 2254 1198 2320 wbsseum,
1216 2255 1330 2307 Etcum
1347 2257 1447 2322 spiritu

333 2331 385 2389 tuo,
404 2325 488 2377 Amen
506 2323 561 2377 dici
579 2324 728 2377 constituit

211 2413 323 2461 reposo.
439 2393 484 2448 ut.
501 2395 553 2448 sio
572 2393 720 2466 Gregorius
738 2412 810 2463 papa
829 2394 1011 2449 ecclesiastica
1029 2395 1120 2448 officia
1137 2396 1281 2464 ordinavit,
1308 2400 1340 2450 ut
1359 2395 1486 2464 primaru

334 2483 420 2536 oratio
439 2484 468 2536 in
485 2483 566 2538 missa
584 2501 647 2538 cum
666 2484 825 2552 epistole
843 2488 872 2538 et
890 2484 1040 2553 ewangelio
1063 2485 1218 2541 concordet.
1264 2479 1447 2537 Ambrosius

333 2553 534 2641 prophetiasf
561 2571 593 2624 et
615 2567 790 2624 Ieronimus
814 2567 1016 2642 collegerunt,
1048 2568 1104 2624 sed
1128 2571 1256 2626 sanctus
1281 2568 1447 2643 Gregorius

333 2671 416 2730 papa
427 2655 489 2729 legi
500 2656 673 2713 constituit.
702 2655 877 2713 Ieronimus
890 2656 1038 2730 epistolas
1051 2657 1185 2731 collegit,
1199 2658 1255 2714 sed
1267 2644 1443 2714 Damasusb

212 2761 415 2818 rupssupapa
438 2743 463 2801 1.
494 2748 527 2801 et
556 2748 685 2802 sanctus
709 2743 877 2820 Gregorius
905 2746 968 2821 legi
997 2747 1238 2804 constituerunt.
1286 2752 1449 2805 Ambrosius

332 2821 464 2890 graduale
490 2821 656 2890 composuit,
684 2821 733 2876 sed
754 2821 902 2892 Gregorius
926 2839 1018 2892 papa
1043 2822 1188 2877 cantari
1212 2823 1337 2878 instituit.
1381 2823 1487 2876 Am-so

333 2909 439 2963 brosius
464 2909 584 2963 Alleluia
610 2911 775 2980 composuit,
800 2910 848 2964 sed
873 2909 1024 2980 Gregorius
1049 2929 1139 2981 pape
1163 2906 1289 2981 aliquod
1316 2906 1449 2963 Alleluia

213 2991 434 3062 uaroseciam
465 2995 641 3067 composuit
673 3003 710 3054 et
740 2999 884 3053 cantari
912 3000 1080 3060 constituit,
1121 3000 1277 3056 Vitalianus
1308 3011 1389 3070 papa
1418 2999 1449 3050 et

333 3079 480 3139 Gelasius
503 3099 584 3156 papa
607 3081 631 3139 I.
657 3087 689 3140 et
711 3082 895 3139 Ambrosius
920 3088 1012 3156 aliqua
1030 3087 1064 3142 de
1084 3093 1166 3143 cantu
1190 3095 1449 3158 composuerunt,

335 3170 393 3228 sed
416 3169 583 3244 Gregorius
606 3187 688 3246 papa
711 3170 735 3229 Ι.
759 3171 864 3246 aliqua
887 3171 926 3227 de
949 3171 1010 3227 illis
1034 3173 1150 3247 recepit
1173 3176 1206 3229 et
1228 3189 1284 3247 per
1306 3190 1341 3230 se
1370 3189 1449 3230 com-

335 3260 442 3333 posuit
465 3263 497 3316 et
519 3260 640 3316 cantari
662 3261 810 3317 instituit.
1460 3279 1489 3318 so

216 3333 327 3382 its-⁶⁸⁸·
442 3335 601 3389 Alexander
625 3353 697 3406 papa
717 3336 778 3391 111¹·
806 3335 908 3390 dimitti
932 3339 1053 3391 Alleluia
1077 3354 1094 3391 a
1120 3339 1342 3409 *septuagesima
1367 3355 1450 3406 usque

257 3387 325 3434 ’ω’
337 3405 377 3459 ad
396 3406 502 3476 pascha
520 3407 670 3461 constituit.

336 3591 417 3654 atv'c.
471 3605 494 3654 b)
508 3604 619 3644 damasius
633 3615 651 3646 c.
705 3603 725 3650 a)
739 3615 779 3647 om.
793 3617 811 3647 e.
869 3603 892 3657 d)
906 3605 949 3656 Ky.
963 3605 989 3648 x,
1003 3605 1030 3647 Κ.
1044 3617 1062 3650 e.
1116 3607 1225 3658 ΜΨ.
1283 3606 1451 3655 (termimum,-

336 3660 473 3707 lagcadumnc
486 3659 599 3708 psalmos?

338 3819 365 3888 1)
384 3819 425 3883 Cf.
444 3817 534 3870 Iaculi
551 3818 612 3884 lap.
631 3821 732 3882 Aurea,
751 3818 799 3873 SS.
819 3817 929 3885 XXIV,
944 3821 1055 3888 Ρ.189;
1082 3819 1201 3872 Honoris·
1219 3819 1329 3872 Gemma
1347 3821 1491 3870 enimuero

335 3891 359 3955 1,
372 3892 415 3945 87.
487 3891 516 3956 2)
537 3889 610 3942 Haec
628 3891 701 3942 helio
717 3889 799 3942 sollus
816 3891 914 3942 adas
931 3891 980 3946 01
998 3896 1043 3945 est.
1115 3893 1143 3959 3)
1165 3891 1207 3955 Cf.
1226 3891 1285 3946 Ich.
1304 3891 1372 3945 diac.
1388 3890 1451 3942 Vita

338 3963 464 4026 Graecia*
490 3960 536 4026 ll,
562 3963 612 4016 20:
639 3959 813 4028 Kyrieleison
838 3960 941 4013 cantari
969 3958 1108 4030 precepit;
1135 3963 1224 4015 Iasae.
1249 3962 1313 4027 III,
1341 3962 1450 4027 Myrur.

335 4035 432 4085 missae
456 4033 496 4098 ΙΙ,
519 4036 558 4098 19,
585 4032 671 4100 Opera
689 4031 821 4097 lnnecd,
843 4049 872 4098 p.
891 4033 959 4086 342:
985 4030 1087 4084 Beatus
1112 4030 1261 4102 Gregorius
1279 4031 1451 4100 Kyrieleison

337 4101 372 4156 ad
396 4102 507 4156 missam
534 4103 637 4158 cantari
661 4101 785 4170 precepit
810 4118 827 4154 a
851 4102 939 4170 cler03
965 4103 1076 4169 Bons'so,
1102 4104 1180 4159 Dae-r.
1198 4105 1250 4172 IV,
1270 4106 1330 4170 102,
1352 4121 1382 4172 p.
1400 4106 1450 4170 42;

337 4175 421 4240 Sigal.
441 4191 466 4229 a.
480 4177 541 4240 688,
555 4191 585 4242 p.
598 4177 658 4230 327.
729 4175 758 4240 4)
777 4173 850 4225 Haec
867 4177 897 4226 ia
914 4173 973 4226 sols
989 4190 1041 4228 rec.
1054 4175 1080 4226 A
1093 4175 1173 4230 Croti.
1185 4175 1302 4228 Minoris
1319 4175 1488 4241 legurm&

337 4245 364 4314 6)
390 4245 536 4309 Synseclruc
558 4247 647 4313 polius
670 4243 718 4295 lroc
741 4243 1021 4297 matronaliter
1038 4247 1069 4296 in
1088 4245 1168 4301 Oros.
1186 4247 1299 4301 unae.
