3246 4866
320 362 511 419 eleemona
523 363 552 420 S.
561 362 678 418 PETRI
689 361 849 420 ERFORD.
869 361 1031 419 APPIIND.
1039 362 1074 424 V.
1083 361 1136 417 VI.
1242 367 1294 424 417

171 551 366 610 feminarum
396 553 622 610 monasterium
651 553 783 610 intravit
792 545 813 609 ¹.
860 551 922 610 Sed
957 569 1011 610 rex
1046 552 1133 627 prius
1163 552 1294 627 pelicem

172 641 407 716 F'redeguanIm
431 642 464 698 in
487 641 629 716 reginam
651 641 841 716 aarumpsii3
872 659 910 698 ex
940 657 1002 716 qua
1032 639 1085 699 et*
1111 641 1294 698 Letharium

171 731 296 804 gemat,
320 729 486 788 Lotharins
508 729 729 804 Tagebertum,
749 729 944 805 Tageber'oae
962 717 1203 806 [aigobertqu
1228 728 1294 788 cro·

172 817 332 875 doveum⁰
353 809 395 892 et]
418 807 678 887 Hildericumfl·²‚
702 818 756 894 qni
779 821 812 876 et
834 817 1009 876 monachus
1032 817 1136 875 iactor
1160 821 1219 876 esi.
1254 818 1295 875 Er

147 923 307 982 oregnano
329 907 412 982 cepit
434 905 605 983 Pippinns⁰
634 907 742 977 maior,
766 910 856 982 pater
878 905 995 966 Karali.

170 1131 196 1171 a)
212 1139 253 1170 om.
264 1129 283 1170 1.
336 1127 360 1175 b)
374 1127 434 1166 uncte
447 1127 495 1168 incl.
510 1127 585 1165 desum
598 1125 618 1169 2,
672 1123 693 1176 c)
707 1124 801 1166 crocum
816 1128 834 1171 1.
889 1124 913 1174 d)
926 1125 1056 1166 Hibericum
1070 1128 1090 1170 1.
1144 1128 1166 1174 a)
1179 1125 1242 1176 Ptpp.
1256 1124 1295 1174 qui

171 1181 246 1221 mator
259 1180 337 1221 ᾶοπιιιι
351 1180 474 1230 dimbctnr,
489 1177 513 1220 ld
526 1185 561 1220 ert
573 1185 639 1230 pater
653 1179 731 1220 Karoti
744 1180 764 1224 2.

628 1377 840 1386 ——uu

373 1567 434 1642 VI.
474 1566 660 1646 NOTAE
683 1565 1107 1644 DEDICATIONUM

302 1667 429 1747 ΜΘΝ
428 1667 511 1745 TIS
533 1667 571 1744 S.
590 1669 758 1743 PETRI
777 1667 1164 1746 ERFORDENSIS.

133 1819 161 1857 ιο
283 1793 358 1858 Iam
393 1792 451 1858 SS.
483 1791 607 1874 XXX,
636 1813 672 1873 p.
701 1797 902 1856 480-488.
936 1797 1028 1856 notas
1062 1790 1295 1857 dedicationum

172 1881 303 1947 Montis
333 1881 366 1946 S.
390 1879 481 1946 Petri
515 1901 554 1945 ea
587 1882 770 1963 apoqraptro
808 1879 897 1946 Galli
930 1881 1061 1946 Stassen
1088 1881 1295 1961 praecedente

171 1971 299 2036 sacaria
321 1990 360 2034 ee
382 1969 485 2036 codice
507 1968 646 2034 Hetwici
668 1969 822 2051 descripto
844 1967 940 2034 edidi.
985 1969 1049 2034 Sed
1069 1989 1171 2050 nuper
1191 1968 1296 2050 speum

172 2059 294 2124 tibrum
322 2057 461 2123 Hduici
491 2057 527 2122 V.
563 2057 613 2124 Oi.
645 2058 791 2123 Karalus
818 2057 925 2140 Beyer
958 2057 997 2123 in
1030 2057 1115 2122 turri
1149 2057 1295 2124 ecciesiae

174 2149 210 2214 S.
236 2146 409 2212 Laurentii
438 2145 651 2226 Erfordensis
684 2146 819 2229 invenit,
854 2166 944 2228 quem
974 2146 1009 2211 V.
1034 2145 1110 2211 Rev.
1147 2147 1177 2211 I.
1202 2145 1294 2211 Fetd·

135 2237 290 2316 akamm,
315 2235 495 2317 parrochus
522 2235 556 2300 S.
572 2233 754 2317 Laurentii,
784 2256 907 2300 summa
937 2256 1006 2300 eum
1033 2234 1175 2300 caritate
1196 2233 1294 2300 Baro

173 2323 238 2391 tini
261 2325 461 2390 eooioendum
483 2322 564 2388 mitti
586 2323 748 2389 commisit.
802 2323 893 2391 Unde
918 2322 985 2388 rom
1008 2323 1082 2388 diac
1104 2330 1197 2388 notas
1218 2323 1294 2389 inte·

171 2433 254 2496 pras
276 2419 306 2478 et
327 2413 510 2478 madores
532 2411 697 2478 tectoribus
723 2433 899 2495 proponere
926 2411 1027 2494 potui,
1052 2418 1204 2494 precatus
1232 2433 1292 2493 eos,

173 2509 211 2567 at
225 2500 371 2584 priorem
392 2500 560 2566 editionem
582 2501 785 2584 neateperent.
822 2501 910 2566 Nam
938 2499 978 2566 G.
996 2501 1127 2565 Staseen
1149 2506 1179 2565 et
1193 2501 1294 2582 ptura

172 2611 272 2672 mmm
294 2589 397 2656 conici
414 2588 520 2671 potuit
540 2590 684 2656 mendam
706 2588 835 2670 scripsit
856 2595 886 2654 et
908 2589 1068 2670 permulta
1091 2587 1205 2670 omisit,
1229 2609 1294 2653 non

133 2681 276 2747 casotum
297 2678 509 2760 reliquiarum
530 2677 671 2759 nomina,
695 2679 751 2743 ced
771 2677 867 2743 etiam
889 2677 959 2743 alia
981 2676 1117 2742 maioris
1136 2676 1292 2742 momenti.

287 2768 375 2849 Quae
403 2765 458 2832 iile
486 2765 566 2832 iiber
593 2768 851 2832 numbranaceus
879 2765 1019 2832 Helwici
1048 2765 1214 2847 contineat,
1245 2787 1293 2831 eu·

165 2855 266 2939 posui
290 2855 344 2921 ‘N.
368 2855 507 2921 Arctio'
524 2855 652 2937 XXII,
677 2878 713 2937 p.
737 2861 801 2919 508
825 2875 889 2937 sqq.
941 2853 1041 2920 Cuius
1068 2854 1105 2919 in
1133 2853 1159 2933 f.
1185 2859 1214 2918 8.
1245 2853 1293 2918 in·

172 2945 326 3027 scriptum
348 2951 411 3010 est:
434 2947 535 3009 Anno
551 2945 594 3009 ab
611 2945 849 3010 incarnatione
865 2944 1006 3010 Domini
1021 2943 1294 3009 M0000Lx0vl⁰

173 3035 324 3118 scriptus
354 3038 407 3098 esi
435 3034 502 3117 iste
531 3034 620 3098 liber
650 3038 856 3117 procurante
879 3033 1035 3099 Helwico
1066 3033 1219 3098 eiusdem
1244 3054 1293 3098 ce-

132 3123 270 3192 sonobii
301 3123 479 3201 monacho,
503 3123 563 3205 qui
592 3126 677 3187 tunc
706 3122 777 3186 fuit
803 3121 1003 3206 capellanus
1026 3122 1128 3187 beate
1151 3123 1293 3206 virginis

172 3211 294 3277 Marie.
345 3209 407 3293 Qui
430 3210 507 3276 haec
528 3209 694 3275 adnotavit
714 3210 821 3275 scriba
846 3210 871 3290 f.
897 3215 1016 3290 4—70,
1039 3209 1130 3289 sotiis
1151 3209 1189 3274 in
1211 3210 1293 3275 duas

172 3301 338 3365 columnas
359 3298 482 3380 dinsis,
506 3306 598 3364 notas
620 3297 854 3364 dedicationum
876 3320 906 3364 a,
926 3303 1021 3363 1147.
1043 3294 1177 3382 (11049)
1196 3303 1291 3362 1143.

176 3394 274 3452 1117.
300 3388 545 3452 1250912199
578 3393 672 3453 1182.
700 3387 809 3451 12819
835 3393 929 3452 1238.
961 3388 1119 3470 elepanter
1147 3393 1177 3451 et
1205 3408 1292 3451 accu-

172 3483 244 3542 rate
276 3475 413 3558 scripsit.
460 3477 571 3541 Manu
599 3497 679 3540 saec.
699 3476 798 3541 XIV.
829 3471 942 3556 ΗΜ
971 3481 1000 3540 et
1028 3474 1052 3554 f.
1078 3481 1130 3539 20.
1161 3473 1293 3540 aeduae

133 3564 409 3636 aomanorum
431 3570 576 3630 α.1848.
598 3570 691 3629 1851.
716 3564 845 3630 additae
867 3570 950 3629 arnt.
997 3564 1086 3628 Nam
1107 3563 1193 3628 inter
1214 3562 1239 3642 f.
1261 3569 1290 3627 7.

173 3661 203 3720 et
224 3654 249 3734 f.
276 3659 328 3718 20.
359 3654 483 3719 saecuto
507 3653 588 3719 XV.
611 3654 764 3736 piapnlae
787 3653 948 3718 duodecim
969 3651 1120 3732 foliorum
1142 3653 1292 3718 mandra-

174 3764 305 3809 neorum
327 3740 463 3808 minoris
484 3742 609 3822 formae
631 3741 757 3808 insutae
779 3749 861 3824 sant,
885 3741 923 3806 in
945 3761 1077 3823 quorum
1106 3741 1131 3821 f.
1157 3739 1290 3805 8—11‘.

169 3831 281 3914 prima
302 3852 418 3898 manus
440 3851 521 3896 saec.
535 3831 615 3896 XV.
640 3837 731 3895 notas
753 3829 987 3896 dedicationum
1009 3829 1204 3894 diversorum
1223 3836 1292 3894 tem-

168 3941 286 4002 porum
310 3917 699 3998 (a.1469.1470.1316.
721 3925 814 3984 1303.
840 3924 935 3984 1308.
959 3924 1052 3983 1327.
1075 3924 1169 3983 1182.
1195 3923 1290 3982 1221.

134 4008 279 4090 351185)
310 4007 449 4090 compsit,
481 4029 561 4091 quae
589 4008 615 4088 s.
640 4013 671 4072 8.
702 4029 740 4072 ea
769 4007 920 4090 repetiuit,
950 4027 1031 4089 auae
1059 4006 1085 4086 f.
1110 4013 1162 4072 20.
1193 4027 1292 4072 marcu

175 4201 202 4268 1)
218 4201 312 4254 Nescio
324 4200 395 4252 uncle
406 4199 469 4252 naec
481 4200 591 4266 sabella,
608 4215 689 4267 quam
701 4199 783 4252 Liber
795 4199 924 4252 historiae
935 4199 1113 4266 Francorum,
1130 4198 1179 4255 SS.
1192 4198 1290 4253 Maon.

175 4271 213 4338 11,
231 4289 262 4340 p.
275 4273 329 4328 282
340 4288 390 4339 aa,
409 4272 502 4337 tradit,
519 4277 627 4338 sumpta
644 4273 688 4326 sit.
725 4271 827 4327 Ekketr.
846 4286 903 4323 eam
920 4285 975 4323 non
993 4270 1076 4324 hahet.
1139 4273 1167 4338 2)
1187 4270 1291 4323 Falsis·

174 4345 279 4398 amum.
312 4343 379 4396 Tres
395 4345 575 4410 aestuationes
593 4343 711 4396 omissae

1044 4449 1079 4503 27
