3216 4854
239 371 431 428 GRONIOAE
443 372 470 429 S.
482 373 599 429 PETRI
611 373 772 432 ERFORD.
792 375 898 433 OONT.
911 377 951 434 II.
969 377 1007 432 A.
1017 381 1094 436 1347.
1106 383 1182 436 1348.
1228 383 1281 437 393

165 559 349 634 mortuum,
374 560 409 620 et
436 561 543 621 tuno⁸
568 577 628 622 voa
653 557 690 622 ia
719 557 842 624 rorrrr‘el
864 558 976 624 audito
998 567 1051 642 est,
1075 562 1223 643 ploratus
1253 545 1387 653 elffi2
1404 616 1436 656 a.

163 643 325 707 allalatus.
372 645 477 709 Porro
508 667 586 710 cum
617 667 741 730 magno
770 648 869 713 luctu
898 650 1066 714 nobilium
1090 672 1130 715 ao
1155 652 1281 715 civium
1363 643 1395 662 ''

165 733 236 797 sive
259 727 467 798 amicorumb
486 756 626 799 suorum
650 736 807 820 sepultus
830 739 942 802 estin
967 739 1106 804 civitate
1130 761 1192 804 sua
1214 761 1280 825 que

166 822 294 886 dicitur
316 823 506 887 Monaohis.

132 925 146 966 ⁶
273 911 401 977 Eodem
425 933 515 976 anno
539 915 693 997 proxima
716 915 887 980 dominica
917 919 995 999 post
1017 917 1146 981 festum
1170 919 1280 982 sancti
1290 943 1448 990 arceamur.

167 999 283 1083 Egidii
306 1005 531 1084 perrexerunt
547 1003 637 1067 cives
654 1002 877 1068 Ertordenses
893 1025 971 1068 oum
988 1006 1140 1070 exercitu
1157 1028 1280 1090 magno
1290 1031 1373 1081 aare.

165 1089 210 1152 ad
241 1089 369 1153 curiam
399 1091 528 1154 dictam
559 1089 655 1155 Golia
688 1097 723 1156 et
754 1113 829 1156 eam
859 1095 997 1177 penitus
1027 1095 1279 1160 subverterunt.

165 1177 295 1242 Eodem
326 1183 436 1243 anno⁰
464 1180 587 1262 quinta
615 1180 703 1244 feria
732 1184 811 1265 post
840 1183 1059 1247 nativitatem
1089 1184 1189 1248 beate
1219 1185 1280 1247 vir·
1291 1209 1386 1258 sarra.

166 1261 276 1350 ginisd
296 1268 386 1332 oives
402 1268 628 1333 Effordenses
651 1269 810 1334 tulerunt
832 1292 996 1355 magnum
1018 1291 1157 1356 gregem
1177 1272 1280 1337 boum

128 1360 201 1420 roet
234 1357 404 1439 pecudum
441 1355 483 1420 de
513 1353 705 1422 Stusftrtee
734 1358 818 1423 villa
853 1381 894 1424 ex
928 1363 1026 1444 parte
1056 1357 1278 1444 Thleoderioi]

165 1444 251 1508 dicti
273 1443 392 1520 Geoae,
417 1446 474 1510 oui
494 1446 773 1511 inimicabantur.

272 1533 402 1598 Eodem
425 1556 516 1599 anno
539 1537 635 1600 venit
657 1537 797 1619 quidam
826 1537 863 1599 in
886 1537 1076 1601 Marohiam
1104 1539 1221 1603 diceus
1244 1560 1355 1611 serra.

166 1642 239 1688 esse
263 1623 495 1687 marchionem
519 1624 788 1700 Woldemarum‚
813 1626 871 1707 qui
900 1626 1032 1689 dudum
1057 1632 1139 1693 ante
1162 1628 1280 1692 XXX⁸

165 1732 272 1776 annos
308 1715 462 1775 mortuus
495 1713 621 1777 fuerat.
673 1713 741 1793 Qui
771 1715 909 1796 quidem
939 1715 1055 1780 omnia
1084 1763 1091 1777 .
1117 1764 1124 1778 .
1150 1764 1157 1779 .
1184 1710 1213 1778 ,Υ
1240 1738 1280 1782 ac

132 1801 261 1864 retacta
294 1800 467 1884 quondam
502 1823 522 1865 a
557 1803 712 1886 predicto
743 1803 941 1867 marchione
976 1807 1114 1888 patrata
1147 1805 1279 1883 retulit,

166 1892 238 1953 tam
261 1890 304 1953 de
327 1888 501 1954 nobilibus
531 1911 634 1973 quam
658 1891 701 1954 de
725 1891 843 1955 amicis
867 1893 1003 1956 occulta
1026 1897 1063 1958 et
1085 1895 1279 1970 manifesta,

167 1979 257 2062 quod
280 1979 317 2040 in
333 1978 478 2043 veritate
502 1999 537 2043 se
560 1979 611 2042 ita
627 1980 780 2054 haberet,
806 1981 1009 2065 propalavit.
1045 1983 1113 2047 Hic
1136 1984 1280 2068 inpung-

166 2067 262 2130 navit
297 2088 374 2131 oum
409 2068 581 2132 adiutorio
619 2070 835 2151 quorundam
873 2071 1088 2135 dominorum
1124 2072 1279 2148 Saxonie,

166 2156 328 2220 videlicet
358 2157 455 2221 ducis
485 2157 662 2235 Saxonie²‚
698 2159 849 2242 episcopi
883 2159 1212 2244 Magdeburgensis³
1246 2165 1281 2226 et

130 2244 312 2308 meliorum
343 2245 569 2329 plurimorum
598 2247 822 2330 protectione,
848 2267 925 2311 oum
956 2256 1103 2332 magnog
1128 2253 1281 2316 exercitu

168 2333 401 2398 marchionem
436 2336 478 2399 de
513 2334 794 2419 Brandenburg⁴‚
827 2336 936 2400 filium
970 2338 1144 2403 Ludewioi
1178 2360 1281 2422 quon-

168 2415 267 2486 damh
286 2423 513 2507 imperatoria,
534 2427 569 2488 et
587 2445 665 2489 eum
682 2428 845 2489 strennue
862 2426 1139 2509 persequebatur,
1164 2429 1281 2492 dicens

167 2504 220 2575 ae¹
247 2511 349 2576 *velle
373 2512 558 2577 rehabere⁵
580 2535 676 2576 suam
707 2514 936 2578 hereditatem
960 2535 1000 2579 ao
1024 2517 1373 2599 possessionem-mos.

167 2599 328 2664 videlicet
359 2600 551 2665 Marohiam
581 2602 663 2665 olim
692 2603 830 2668 nomine
860 2603 1060 2686 patrimonii
1094 2605 1137 2668 ad
1167 2606 1281 2688 ipsum

131 2689 381 2764 rodevolutam;
418 2693 453 2754 et
483 2691 531 2753 sic
560 2690 598 2753 in
627 2691 784 2754 Marchia
817 2691 895 2775 plus
930 2711 1032 2773 quam
1056 2693 1147 2757 VIII
1182 2695 1282 2757 annis

166 2778 315 2842 maxima
336 2778 494 2843 turbacio
518 2782 553 2843 et
576 2773 727 2863 gwerrak
754 2775 954 2845 consecuta¹
985 2784 1037 2844 est
1047 2781 1068 2843 ⁶.
1292 2844 1361 2896 1348

274 2868 373 2929 Anno
397 2866 724 2932 ΜΟΟΟΟΟΧΙΝΙΙΙ0
752 2868 789 2930 in
820 2869 875 2932 die
905 2870 1157 2952 purificacionis
1181 2871 1281 2936 beate
1291 2881 1383 2954 mg,

167 2955 309 3038 virginis
332 2956 465 3019 factum
489 2959 541 3021 est
565 2956 712 3040 prelium
735 2957 826 3022 inter
849 2979 949 3022 cruce
972 2959 1126 3042 signatos
1150 2963 1186 3024 et
1204 2960 1449 3023 Tar-willf-

165 3043 329 3120 arose-³,
353 3045 390 3106 in
410 3066 476 3127 quo
496 3045 678 3110 videlicet¹¹
699 3045 807 3129 prelio
824 3047 1005 3130 plusquam
1021 3050 1281 3132 quatuordeeim

131 3132 263 3197 romilia
285 3132 526 3197 Tartarorum⁰
554 3134 670 3218 gladio
695 3137 890 3219 consumpti
913 3142 1004 3214 sunt,
1036 3141 1072 3202 et
1101 3143 1142 3201 ap
1170 3159 1281 3203 cruce-

166 3222 335 3306 singnatis
365 3222 440 3286 Deo
476 3224 679 3307 disponente
710 3226 847 3287 tantum
882 3227 1146 3309 quadringentiq
1178 3227 1281 3291 occisi

166 3314 258 3374 sunt.
304 3311 350 3374 Et
373 3311 409 3373 in
433 3312 552 3376 eodem
576 3312 683 3396 prelio
714 3313 845 3377 occisus
876 3317 928 3378 est
951 3315 1110 3399 princeps
1132 3315 1277 3380 Ituscier

167 3403 202 3464 et
225 3401 334 3464 frater
360 3401 450 3485 regis
473 3401 757 3465 Tartarorum⁸·⁸.

166 3557 189 3603 a)
203 3547 228 3596 οἱ
243 3555 268 3595 li.
310 3555 333 3604 h)
347 3557 420 3596 amicir
434 3556 460 3597 Ε.
504 3558 525 3604 o)
539 3557 603 3595 Anno
614 3556 673 3600 1547.
688 3557 717 3599 M.
758 3555 781 3606 d)
795 3568 816 3606 p.
830 3557 955 3598 nativitatis
969 3559 1055 3598 Mariae
1069 3559 1098 3601 Μ.
1143 3561 1165 3608 a)
1178 3559 1282 3600 statiores

131 3613 158 3654 85
166 3608 221 3658 Eup.
234 3608 259 3654 Ι,·
273 3601 377 3650 iturine
386 3609 420 3660 Ε,·
432 3609 486 3648 villa
496 3609 605 3650 Stuffisrte
615 3609 646 3658 M,
660 3611 697 3648 uti
705 3611 815 3660 semma
828 3633 853 3640 -
864 3623 888 3660 p.
898 3611 945 3661 894,
960 3613 975 3655 i.
983 3612 1003 3654 2.
1017 3624 1058 3656 om.
1098 3611 1117 3660 s)
1126 3615 1282 3663 marquardum

209 3663 214 3674 '
268 3675 282 3701 a
316 3692 321 3704 .
374 3664 397 3713 g)
411 3673 493 3712 magau
507 3663 532 3706 a.
582 3664 605 3712 h)
619 3661 686 3711 fidam
700 3663 726 3706 E.
786 3663 803 3711 ί)
817 3663 867 3716 ³⁰·ll
881 3665 906 3711 (f.
921 3663 969 3714 192)
982 3673 1009 3704 cu
1024 3667 1052 3707 Ε.
1104 3666 1128 3714 k)
1141 3676 1244 3718 gewerra
1257 3667 1282 3710 Ε.

167 3713 183 3765 1)
197 3717 322 3764 mandam
336 3720 442 3758 euocata
454 3717 480 3758 E.
527 3716 558 3766 m)
571 3717 602 3756 rie
615 3716 697 3756 aasz!
708 3720 727 3755 ai
741 3717 809 3757 aaut
822 3729 870 3757 eum
879 3718 938 3760 Cori.
948 3719 1001 3766 m,-
1017 3725 1087 3759 toroos
1101 3720 1127 3762 Ε.
1167 3719 1192 3770 n)
1206 3720 1242 3772 idi·
1257 3721 1282 3762 Ε.

166 3772 188 3816 ο)
197 3770 228 3808 ac
237 3770 629 3816 Lelrlaemconr.111,·toraonun
639 3769 665 3812 Ε.
700 3773 722 3818 p)
732 3767 856 3814 domm.
892 3774 915 3821 q)
923 3771 955 3812 eir
963 3773 989 3814 a.
999 3773 1059 3813 Gom.
1066 3773 1119 3820 111,·
1133 3773 1284 3824 quadraginta

167 3823 258 3870 norm
271 3825 311 3863 400
320 3825 395 3866 Bothe.
436 3827 455 3873 r)
469 3823 540 3864 ruicie
553 3823 579 3866 Ε,
620 3827 639 3871 ι)
652 3824 683 3862 air
697 3825 807 3863 mandra
820 3835 847 3864 aa
861 3829 919 3864 remu
928 3824 1035 3866 Iohannis
1044 3827 1124 3866 licita:
1138 3825 1178 3866 das
1192 3827 1283 3876 koniges

130 3881 158 3920 ⁴0
167 3887 211 3915 von
225 3877 342 3918 Tartar-len
355 3878 445 3928 hrudim
460 3879 530 3918 frater
544 3879 591 3917 alus
606 3888 647 3916 rex
661 3877 781 3916 Torcorum
795 3878 828 3925 Ε,’
841 3882 864 3917 et
877 3879 999 3928 Imperator
1013 3881 1156 3919 Tartarorum
1171 3881 1256 3922 Lern.

170 4001 195 4064 1)
214 4001 257 4051 Sic
275 4007 368 4052 auctor·
380 4003 463 4054 erana
481 4004 618 4068 arripuisse
635 4003 739 4054 ridetur
753 4017 807 4068 pro
819 3999 908 4054 Rama
926 4005 1108 4068 manualium,
1126 4021 1185 4054 cum
1204 4007 1284 4071 impe-

167 4076 245 4122 rator
257 4079 379 4123 aroriuua
392 4075 421 4124 in
433 4074 502 4124 eiloa
513 4075 634 4125 inventur
645 4075 689 4126 sit.
743 4075 771 4138 2)
787 4072 895 4138 liudolfi
905 4074 929 4128 I.
975 4076 1002 4138 3)
1017 4074 1118 4126 Oitmris
1129 4075 1160 4127 de
1172 4075 1282 4129 Haaera.

167 4143 194 4206 ⁴)
206 4143 381 4197 mamma
430 4145 457 4212 ὃ)
470 4143 556 4195 moue
566 4159 653 4210 supra
670 4161 696 4211 p.
709 4145 771 4207 251,
792 4144 808 4196 l.
821 4146 935 4198 23—26.
954 4148 1080 4211 repetitae
1092 4152 1136 4199 eat.
1173 4147 1200 4212 d)
1211 4145 1283 4197 Nota

166 4212 229 4264 hoec
241 4215 280 4280 (et
291 4213 330 4266 sio
345 4243 374 4252 -
389 4215 441 4283 est)
456 4217 486 4265 in
496 4215 567 4268 cont.
583 4215 669 4268 Thur.
684 4232 713 4281 p.
724 4217 784 4270 318.
803 4229 857 4266 uon
870 4215 927 4280 lapi.
984 4217 1012 4282 7)
1025 4215 1174 4268 Iritiruonos
1184 4218 1282 4284 potira,

131 4297 158 4337 aa
167 4287 215 4350 qui
230 4301 247 4336 o
260 4287 390 4337 militibus
408 4285 514 4338 ordinis
529 4286 666 4338 Turionioi
682 4293 706 4336 et
717 4300 792 4336 aare
803 4287 918 4351 eipnotie
936 4287 973 4338 od
983 4288 1095 4352 fluvium
1107 4289 1211 4340 Stroroa
1223 4290 1285 4339 or'oii

166 4361 237 4408 errat.
267 4357 308 4420 Of.
322 4357 350 4410 J.
368 4358 452 4424 Voiqt‚
467 4357 569 4412 ‘Greci
582 4356 783 4421 Preuasena’l',
800 4375 827 4424 p.
841 4359 876 4412 60
887 4373 942 4425 sqq.
997 4360 1024 4426 8)
1044 4358 1181 4410 Narmoni
1193 4359 1283 4423 froia·
