3240 4858
279 367 333 420 284
422 360 588 416 unomen
602 359 630 416 S.
640 359 757 415 PETRI
767 357 1029 416 EBFORDENSIS
1041 359 1132 415 MOD.
1152 360 1189 414 A.
1200 363 1276 416 1277.

193 553 270 607 1278.
281 545 349 611 Sed
379 546 496 609 divina
525 545 803 628 dispensacione⁸
831 543 934 626 longe
964 543 1067 609 aliter
1095 563 1198 627 quam
1230 544 1399 626 cogitave-

280 640 360 698 rant
389 635 514 698 evenit.
560 633 649 697 Nam
680 633 821 716 quidam
851 626 1013 710 militesh,
1038 632 1203 717 speciales
1233 633 1286 696 sui
1309 632 1394 696 viri⁰

281 727 317 786 et
340 723 441 787 surici
452 725 473 797 ¹,
495 723 719 787 restituentes
743 741 819 786 eum
844 721 881 785 in
897 721 1004 785 alium
1027 741 1163 804 equum,
1188 721 1230 785 de
1253 721 1400 785 instanti

179 813 415 883 ·s.1ao.⁸mortis
445 811 599 895 periculo
630 831 709 874 eum
739 815 913 874 eruerunt.
959 811 1112 894 Regibus
1142 805 1282 875 taliter(¹
1308 811 1400 874 inter

281 921 316 966 se
332 922 409 964 cum
433 900 503 964 suis
519 899 774 976 dimicantibus,
799 899 919 964 Boemi
935 899 1045 964 multo
1062 899 1286 983 copiosiorem
1309 920 1430 964 exer-s

281 989 387 1054 citum
419 989 585 1054 habentes
620 1009 707 1072 pene
742 988 922 1053 victorium
952 989 1215 1064 obtinuerunt⁰;
1246 989 1306 1054 sed
1340 987 1399 1071 qui

113 1078 385 1153 100.10,1s.1s.solem
417 1082 508 1144 stare
538 1076 625 1142 feeit
654 1078 691 1140 in
721 1077 834 1142 medio
865 1078 976 1142 centri
998 1079 1036 1141 in
1059 1077 1181 1141 diebus
1204 1077 1307 1142 Iosue
1330 1071 1396 1140 adr

280 1188 384 1230 unam
407 1167 480 1231 iere
504 1166 604 1242 diem,
629 1166 738 1230 donee
762 1164 1001 1248 israheliticus
1031 1166 1179 1251 populus
1194 1167 1399 1246 ¹devinceret

280 1256 436 1320 inimicos
467 1276 555 1326 suos,
581 1255 661 1319 huic
691 1247 822 1321 eciamf
849 1255 986 1339 populo,
1018 1254 1151 1320 scilicet
1182 1255 1398 1330 Boemorum,

278 1349 436 1408 santuine
469 1344 686 1409 debilitatem
716 1347 752 1408 et
782 1343 942 1408 timorem
974 1343 1129 1422 incussit,
1163 1337 1235 1408 itaf
1262 1347 1302 1407 ut
1335 1364 1437 1408 neom

278 1433 426 1498 viriliter
449 1453 484 1498 se
508 1425 665 1498 movereh
683 1437 833 1516 possent,
858 1436 894 1497 et
917 1433 997 1516 equi
1020 1454 1137 1499 eorum
1162 1433 1272 1498 multo
1288 1433 1400 1497 velen·

278 1524 384 1587 tiores
408 1523 503 1606 equis
527 1522 688 1598 hostium,
720 1522 813 1586 omni
836 1515 1012 1606 agilitate¹
1042 1523 1243 1607 postposita,
1267 1522 1400 1586 incede·

278 1615 366 1688 rent,
397 1613 494 1694 quasi
524 1611 664 1675 omnino
695 1609 826 1675 debiles
857 1613 972 1676 essent
1001 1613 1037 1676 et
1066 1611 1204 1674 infirmi.
1250 1610 1399 1690 Quidam

279 1701 387 1766 eciam
423 1701 638 1784 potenciores
672 1699 878 1764 Boemorum
918 1721 996 1764 cum
1035 1701 1205 1764 sexcentis
1242 1700 1399 1764 faleratis

280 1791 376 1872 equis
411 1790 453 1854 de
484 1789 593 1874 prelio
624 1789 733 1871 quieti
763 1793 988 1854 recesserunt.
1035 1789 1136 1853 Unde
1170 1789 1327 1873 contigit,
1360 1793 1399 1851 ut
1412 1813 1437 1852 rs

280 1880 380 1943 cedes
404 1899 530 1960 magna
552 1878 651 1942 fieret
674 1878 710 1940 in
734 1878 889 1942 Boemos.
933 1876 1126 1962 Capiuntur
1149 1879 1250 1946 enim.
1275 1878 1401 1942 cedun-

279 1971 347 2042 tur,
371 1967 624 2031 mortificantur
647 1970 683 2030 et
705 1966 803 2049 quasi
825 1987 949 2052 pecora
979 1967 1016 2031 in
1040 1987 1160 2052 campo
1183 1967 1311 2031 mortui
1336 1967 1399 2030 dis·

279 2059 482 2141 perguntur,
512 2056 745 2120 Romanorum
775 2057 865 2139 regis
898 2057 1051 2121 exercitu
1079 2055 1227 2120 viriliter
1259 2059 1395 2140 agente,

280 2165 424 2228 quorum
447 2145 505 2208 vix
533 2144 680 2228 triginta
709 2143 847 2208 occulto
870 2145 936 2208 Dei
966 2145 1095 2208 iudicio
1118 2145 1247 2209 ibidem
1269 2166 1399 2210 reman-

281 2236 410 2298 serunt.
457 2234 555 2298 Inter
578 2254 663 2317 quos
687 2233 826 2317 quidam
856 2227 1004 2297 nobilis*K
1031 2234 1144 2298 dictus
1167 2233 1333 2298 Albertus
1356 2235 1437 2298 deso

280 2316 491 2406 Thuringin¹
521 2323 695 2387 occubuit.
742 2322 798 2386 Sic
828 2343 910 2406 ergo
941 2322 1078 2387 Boemis
1108 2323 1145 2385 in
1172 2323 1292 2406 rugam
1324 2343 1399 2387 eon·

280 2413 386 2476 versis
416 2412 533 2477 hostes
563 2412 660 2495 quasi
689 2410 789 2495 lupos
817 2431 874 2475 eos
896 2411 1130 2475 insecunturm
1153 2431 1240 2496 pene
1264 2412 1308 2475 ad
1331 2412 1400 2476 tria

281 2501 438 2578 miliaria,
464 2505 500 2566 et
522 2502 573 2564 ita
596 2500 839 2565 miserabiliter
869 2521 930 2583 per
959 2500 1059 2564 devia
1082 2520 1215 2583 queque
1242 2501 1399 2565 occidun-

280 2594 348 2653 tur.
395 2589 536 2655 Interea
557 2610 617 2654 rex
641 2589 846 2654 Boemorum
876 2589 913 2652 in
937 2610 1006 2652 uns
1029 2589 1102 2653 acie
1126 2610 1205 2654 cum
1228 2589 1400 2673 aliquibus

281 2680 351 2742 suis
375 2678 535 2743 fidelibus
559 2682 680 2743 contra
703 2679 819 2743 hostes
848 2676 1062 2761 preliabatur
1090 2677 1200 2762 prelia
1227 2679 1437 2744 fortitudias

280 2769 344 2841 nis,
376 2767 497 2831 similis
526 2767 738 2831 Mechabeo¹¹
769 2766 916 2832 viriliter
945 2767 1118 2842 incedens,
1149 2766 1201 2832 ita
1229 2771 1270 2830 ut
1299 2768 1401 2852 pauci

282 2857 347 2920 sd⁰
374 2878 453 2921 eum
477 2857 639 2921 accedere
663 2856 841 2921 auderent.
881 2854 969 2920 Cum
992 2857 1056 2920 hec
1078 2856 1130 2920 ita
1153 2861 1313 2939 aguntur,
1338 2856 1399 2920 las·

283 2949 378 3009 satus
399 2945 540 3010 tandem
566 2947 608 3008 de
631 2945 746 3008 nimiis
770 2943 945 3010 laboribus
970 2944 1158 3010 declinavit
1181 2944 1231 3009 ‘et
1259 2945 1334 3029 ipse
1357 2946 1400 3010 de
1410 2964 1499 3013 nni·

283 3034 401 3118 prelio,
424 3034 612 3117 vidensque
635 3033 802 3117 populum
825 3054 925 3097 suum
953 3033 1155 3117 dispersum,
1179 3033 1298 3117 fugam
1322 3034 1402 3097 iniit

283 3126 403 3188 eontra
426 3123 589 3208 oppidum
614 3122 836 3206 Dreuinginl‘.
884 3121 949 3186 Cui
977 3141 1160 3187 occurrens
1182 3122 1320 3205 quidam
1344 3143 1437 3188 κιο-ω

286 3212 365 3276 bilis
388 3213 568 3296 ipsumque
592 3231 705 3294 regem
738 3215 830 3276 esse⁰
858 3231 1056 3295 agnoscens,
1081 3215 1221 3296 captum
1245 3232 1322 3276 eum
1347 3212 1401 3276 de·

283 3303 407 3367 ducere
442 3322 558 3367 seeum
591 3299 730 3366 volebat
740 3301 761 3362 ².
807 3299 962 3384 Cumque
997 3321 1056 3385 pre
1090 3300 1294 3366 lassitudine
1332 3321 1402 3364 non

283 3394 398 3476 posset
421 3390 567 3456 ulterius
590 3390 783 3474 procedere,
808 3389 985 3473 depositus
1015 3393 1068 3454 est
1098 3389 1142 3454 ad
1170 3393 1316 3468 terram;
1347 3409 1401 3472 ga·

283 3479 404 3564 lesque
426 3480 617 3564 depositas,
639 3480 680 3542 ut
703 3477 884 3562 paululum
906 3479 1099 3562 respiraret,
1124 3479 1263 3562 quidam
1289 3479 1401 3543 dictus

283 3689 305 3738 a)
325 3691 357 3728 ric
374 3690 487 3738 1.L111,·
507 3689 654 3740 disposicione
669 3688 697 3731 Η.
777 3687 800 3736 h)
818 3689 849 3726 eie
863 3689 883 3726 1.
897 3687 979 3734 Lm,-
999 3687 1062 3727 miles
1077 3687 1106 3729 Η.
1186 3690 1206 3736 c)
1228 3699 1271 3731 om.
1284 3688 1313 3731 Π.
1326 3687 1438 3731 HM&

283 3743 306 3792 d)
320 3755 362 3786 om.
376 3743 409 3792 115
423 3743 455 3784 sle
469 3744 544 3783 nm.
599 3743 620 3792 e)
633 3744 665 3781 εἰσ
679 3745 698 3785 1.
711 3741 792 3789 LHL·
805 3741 949 3790 optinuerunt
962 3741 992 3784 Π.
1045 3741 1119 3788 nom.
1133 3741 1162 3780 Η.
1217 3741 1241 3792 g)
1256 3742 1302 3784 tim.
1316 3750 1338 3781 et
1353 3740 1403 3784 deb.

284 3801 368 3836 tantam
382 3797 413 3840 Η,
465 3797 642 3846 mvii-‚moveri
656 3796 685 3837 H.
739 3794 963 3845 ineffabilitate
978 3796 996 3838 1.
1037 3791 1227 3841 deAlb.nob.
1242 3795 1272 3835 Η.
1313 3795 1403 3846 l)'1'hu-

283 3851 357 3900 rlngla
370 3851 399 3894 H.
453 3853 483 3899 m)
496 3851 652 3900 insequuntur,
666 3849 740 3888 sudem
754 3860 821 3887 mm
834 3849 880 3888 alio
894 3853 975 3887 ulrum.
989 3859 1097 3898 superarer.
1112 3848 1240 3888 tmecuntur
1254 3851 1273 3898 1,
1295 3854 1315 3887 er
1329 3849 1360 3886 ita
1374 3849 1403 3892 Η.

284 3907 307 3953 n)
322 3904 389 3944 luda
403 3905 455 3952 (alc)
468 3905 540 3946 Meet.
555 3904 584 3943 Η.
626 3905 648 3951 o)
661 3913 708 3943 sec.
723 3899 777 3942 aud.
790 3902 820 3942 sd
834 3911 884 3941 aum
900 3901 927 3946 Η.
968 3901 991 3952 p)
1005 3896 1135 3954 urslingen
1144 3901 1178 3952 H,-
1192 3902 1314 3952 Dreslngaa
1328 3901 1403 3945 nm.

283 3959 307 4008 q)
320 3959 351 3996 ric
364 3957 393 4000 Η.
408 3957 487 4006 ΗΙῙ,·
501 3963 536 3998 sat
549 3957 600 4000 add.
615 3960 626 3996 l
640 3961 676 4005 (cx
685 3956 786 4006 praeced.
801 3953 851 4005 dap.
865 3953 915 4006 est).
1412 3961 1439 4000 ιο

285 4139 311 4204 1)
326 4136 489 4188 Praesertim
504 4135 657 4188 Walttous
672 4135 703 4188 ds
715 4135 877 4201 Romanam
893 4134 929 4197 cf.
939 4133 1041 4186 Kdtlar
1053 4135 1083 4185 in
1096 4133 1311 4200 ‘Foractunpen'
1321 4133 1401 4199 XIX,

281 4225 309 4274 p.
329 4209 390 4262 33⁷.
426 4207 505 4258 Alius
529 4207 686 4258 nominatur
710 4207 740 4256 in
765 4207 837 4258 ΑΜ.
860 4206 887 4259 S.
907 4204 994 4257 Raab.
1020 4205 1125 4270 snum,
1152 4205 1200 4260 SS.
1219 4205 1271 4268 IX,
1294 4222 1322 4274 p.
1341 4207 1402 4260 804.

283 4281 311 4345 2)
330 4278 372 4331 Ab
389 4277 550 4342 ipnobilibus
566 4293 654 4346 regem
671 4283 778 4343 coptum
796 4293 848 4330 csse
865 4275 979 4328 tradunt
997 4275 1078 4342 Hm,
1103 4277 1151 4331 SS.
1170 4276 1222 4342 IX,
1246 4295 1273 4344 p.
1293 4278 1354 4339 653,
1381 4281 1403 4328 oi

284 4350 382 4403 Cicron.
403 4349 525 4412 Colman,
549 4347 598 4402 SS.
617 4346 712 4415 XVII,
736 4365 764 4416 p.
783 4351 845 4404 251.
1296 4397 1303 4408 ,
