3200 4844
304 348 340 404 50
402 343 582 400 ANNALES
600 343 629 400 S.
641 343 758 399 PETRI
774 343 1151 400 ERPHESFURTENSES
1169 343 1328 401 Baavaa

158 544 298 588 asam.
411 521 605 577 mxxxvi.
633 521 717 576 vm.
729 521 798 576 mas
809 521 884 576 vana
895 522 1023 592 quintum
1034 498 1140 576 silam
1159 522 1212 576 aa
1230 523 1307 576 ina
1315 523 1425 579 vnce-

304 593 636 720 ΜΒ..ΜΙιΧΧΧῚῙΠὶ
656 663 747 719 Wecil
759 663 980 734 archiepiscopus
996 663 1259 734 Mogontinusb
1276 665 1358 734 obiit3
1379 665 1426 718 cui

305 734 465 861 ἓξὲξ
474 735 619 863 fflffiit
709 734 826 791 Sextum
843 735 949 790 bellum
973 734 1027 790 fuit
1050 736 1129 790 iuxta
1146 734 1258 792 Gliehin
1282 737 1311 790 in
1329 735 1425 805 vigilia

413 1053 567 1111 Mxolm.
604 1054 767 1110 Pestilentia
784 1054 876 1125 gravis
895 1055 1039 1109 hominum
1058 1054 1158 1110 facta
1176 1059 1238 1110 cst.
1449 1073 1462 1112 c

413 1124 549 1183 MXUVI.
585 1125 798 1182 innumerabilis
815 1128 933 1196 populus
950 1125 1141 1181 Ierosolimam
1158 1126 1349 1196 proficiscitur.

415 1337 540 1392 mom.
576 1337 752 1392 Burchardus
770 1339 855 1392 abbas
873 1336 962 1392 factus
984 1341 1026 1392 est
1049 1337 1079 1391 in
1102 1336 1267 1408 Erpheslurt
1284 1337 1336 1394 VI.
1358 1338 1431 1392 Idus
1440 1341 1514 1390 'sli-

310 1407 401 1477 Febr„
424 1413 451 1464 et
469 1410 581 1480 abipso
599 1409 697 1465 eodem
715 1426 787 1463 anno
813 1409 929 1463 lundata
950 1412 992 1464 est
1009 1409 1122 1464 basilica
1139 1415 1296 1464 sanctorum
1319 1413 1430 1480 aposto·
1441 1411 1512 1460 *1.93.
1569 1471 1573 1481 Ι

310 1497 400 1550 lorum
417 1496 494 1552 Petri
516 1500 546 1551 et
562 1496 642 1552 Pauli
670 1487 708 1550 in
737 1490 854 1551 monte
884 1486 1035 1552 eiusdem
1066 1485 1144 1550 loci.
1192 1497 1341 1552 Heinricus
1366 1498 1430 1567 Vc,

312 1567 383 1622 filius
401 1567 527 1622 Heinrici
546 1569 727 1639 imperatoris,
745 1587 863 1639 regnum
881 1569 1011 1624 obtinuit.
1444 1589 1470 1627 so

416 1655 543 1713 MOIIII.
580 1651 657 1710 Giano
676 1673 767 1710 comes
785 1657 891 1712 occisus
910 1660 958 1712 est.

416 1726 508 1783 MOV,
527 1727 676 1782 Heinsicus
693 1729 804 1783 seniora
826 1727 960 1798 quartusd
981 1745 1044 1782 rex
1062 1727 1137 1797 apud
1154 1727 1290 1782 Leodium
1308 1727 1386 1784 obiit.

417 1797 572 1854 Movlm.
608 1794 769 1854 Rilthardus
786 1797 1043 1872 Mogontinusb
1066 1799 1288 1869 archiepiscopus
1306 1799 1383 1854 obiit.

419 1938 528 1995 MOXI.
564 1939 711 1996 Heinricus
729 1958 793 1995 rex
811 1941 942 1996 domnum
962 1941 1143 2011 apostolicum
1162 1940 1317 2010 captivavit.

418 2009 540 2067 Mem.
568 2011 739 2067 Adelbertus
757 2013 922 2068 constitutus
941 2013 1145 2082 astepiscopus.
1176 2013 1223 2066 Ab
1242 2012 1319 2066 obitu
1331 2010 1434 2066 Karoli
1446 2028 1473 2067 15

313 2096 411 2168 Magni
434 2098 608 2169 imperatoris
633 2099 719 2153 000⁶
744 2099 808 2153 anni
832 2101 1000 2155 transierunt
1026 2109 1134 2172 usque
1157 2088 1202 2152 ad
1225 2109 1354 2152 annum
1381 2089 1433 2151 in·

313 2175 522 2240 carnationis
545 2176 696 2241 Domini.

420 2541 576 2598 MOXlIlI.
611 2542 674 2598 Rex
691 2542 840 2597 Heinricus
859 2559 973 2597 uxorem
991 2543 1078 2598 duxit.

421 2629 540 2686 MGXV.
588 2619 773 2686 Heinricus
806 2640 866 2684 rex
901 2619 1045 2685 bellavit
1075 2624 1196 2684 contra
1226 2620 1376 2684 Saxones
1406 2632 1439 2686 in

322 2717 484 2773 Wolieahols
509 2707 616 2771 IIII.1
638 2719 705 2773 Idus
730 2719 796 2775 Feb.
821 2711 858 2773 eb
879 2709 990 2773 victus
1014 2711 1076 2774 esb.
1450 2745 1479 2783 20

423 2789 558 2846 Mova
595 2791 771 2845 Burcbsrdus
789 2791 930 2845 abbatiam
954 2791 1057 2861 amisit;
1083 2791 1128 2845 cui
1151 2789 1281 2861 Ripertus
1299 2791 1437 2846 successit.

423 2860 574 2916 Moxvn.
612 2861 667 2916 111.
686 2861 759 2916 Non.
777 2861 837 2918 Ian
856 2867 930 2917 terre
948 2867 1039 2916 motus
1058 2879 1172 2932 magnus
1190 2863 1279 2916 lactus
1298 2867 1344 2917 eat.

424 2930 591 2988 MGXVHI.
639 2931 904 2988 Monasterium
931 2933 960 2986 in
990 2933 1163 3002 Oppcnheim
1201 2935 1354 2988 incensum
1388 2937 1438 2988 est.

319 3000 468 3056 Castellum
486 3003 560 3070 quod
578 3003 679 3058 dicitur
697 2999 804 3059 collese
822 3005 960 3059 obsessum
979 3011 1027 3060 est.

324 4177 346 4226 a)
360 4177 459 4218 erceb'
473 4187 491 4218 e.
546 4175 569 4228 b)
583 4175 636 4230 mo}
649 4188 667 4221 e.
720 4177 741 4229 c)
755 4179 829 4218 eodem
843 4189 910 4218 mm
923 4189 1030 4228 aspersos:
1085 4177 1108 4230 d)
1122 4190 1188 4218 mans
1202 4180 1295 4218 secum
1308 4179 1382 4229 suppl.
1455 4191 1483 4230 25

326 4319 352 4385 1)
371 4317 442 4372 sun.
461 4318 488 4374 S.
502 4319 577 4371 Petri
593 4325 649 4377 ont,
667 4323 734 4371 recta
751 4317 806 4373 ΠΙ.
825 4317 893 4373 Idus
912 4320 1015 4375 habent.
