3200 4844
254 394 434 450 ANNALES
454 395 482 449 S.
496 393 612 448 PETRI
631 393 1005 450 ERPHESFURTENSES
1024 394 1197 464 ANTIQUI.
1269 399 1285 452 9

171 576 276 639 starum,
295 589 363 641 quos
382 590 416 626 ex
435 571 548 625 diversis
566 572 633 626 locis
652 588 760 624 summo
778 572 868 626 studio
891 573 1085 640 consciverant,
1112 576 1143 625 nt
1168 589 1285 626 canones

170 643 219 697 sibi
235 660 290 696 non
309 661 360 712 pro
378 643 419 696 rei
438 643 561 709 veritate,
587 643 635 696 sed
660 659 711 711 pro
730 643 850 711 episcopi
875 644 1015 697 voluntate
1039 644 1287 712 interpretarentur

170 720 321 767 etecusam
340 714 407 780 eius,
426 714 555 781 quoniam
575 714 645 766 veris
663 731 720 767 non
737 717 875 782 poterant,
898 715 1058 783 sophystieis
1076 715 1286 783 allegationibus

168 785 335 839 roborarent.
378 784 544 838 desidebant
569 801 635 854 ergo
661 801 724 838 cum
749 801 814 854 rege
840 788 868 838 et
894 785 1096 856 archiepiscopo
1121 785 1286 855 Mogontino

146 854 351 909 sHerirnannus
372 856 609 924 Babenbergensis
635 855 786 924 episcopus,
811 855 900 909 Hecel
924 855 1204 910 Hildenesheimensis
1230 857 1285 924 epi-

168 943 273 996 scopus,
298 925 378 994 Eppo
405 925 547 980 citicensis
572 925 724 995 episcopus,
750 925 845 979 Benno
868 925 1102 997 osenbruggensis
1128 927 1285 995 episcopus;

167 997 212 1066 qui
236 1014 292 1050 non
319 997 354 1049 ad
378 996 578 1051 discutiendam
607 998 684 1050 iuxta
708 997 917 1051 aecclesiasticas
942 999 1017 1066 leges
1042 1015 1151 1051 causam
1177 998 1285 1051 fuerant

168 1069 285 1134 evocati,
311 1068 359 1122 sed
385 1073 416 1120 ut
439 1067 469 1120 id
494 1068 568 1136 quod
592 1084 642 1121 rex
665 1069 776 1121 volebat
801 1073 859 1122 arte
884 1068 1011 1122 dictionis
1036 1073 1064 1122 et
1089 1069 1284 1122 sententiarum

166 1139 295 1207 pondere,
313 1143 454 1208 postremo
473 1156 581 1208 quaqua
599 1142 710 1206 possent
721 1139 828 1192 ratione
841 1143 870 1192 et
882 1139 995 1193 consilio
1009 1140 1173 1207 optinerent,
1192 1156 1285 1208 quam·

133 1223 248 1277 requam
267 1210 390 1278 plerique
410 1225 504 1262 eorum
524 1209 552 1262 id
571 1209 643 1278 quod
662 1227 711 1262 rex
732 1211 898 1264 moliebatur
922 1209 1159 1264 vehementissime
1184 1210 1285 1279 impro-

165 1281 271 1335 barent.
308 1279 363 1334 Sed
382 1297 418 1333 ne
436 1281 522 1334 libere
541 1280 614 1349 qnod
633 1280 786 1334 sentiebant
804 1281 1005 1349 eloquerentur,
1032 1285 1060 1334 et
1085 1280 1156 1350 regis
1181 1285 1284 1334 terrore

165 1355 193 1404 et
211 1351 318 1419 privata
337 1351 534 1420 archiepiscopi
553 1350 676 1404 amicicia
693 1351 895 1405 inhibebantur.
932 1349 1062 1405 Habebat
1087 1356 1212 1420 preterea
1237 1369 1285 1404 rex

165 1422 237 1476 circa
262 1439 292 1474 se
316 1427 484 1475 armatorum
510 1423 603 1490 copias
630 1438 685 1474 non
713 1422 848 1488 modicas,
877 1423 975 1489 quibus
1003 1439 1064 1490 eos,
1091 1422 1114 1474 si
1141 1422 1187 1491 qui
1214 1421 1285 1475 forte

164 1492 310 1560 negocium
330 1493 516 1546 interturbare
534 1496 707 1558 conarentur,
726 1492 840 1546 militari
862 1509 945 1545 manu
965 1493 1130 1547 coherceret.
1168 1492 1284 1544 Thurin-

131 1562 1285 1702 ¹⁶talttptttttuttttlttttbabthil}antististite

453 1675 459 1702 l

163 1704 274 1758 infinita
291 1704 425 1759 haberent
443 1706 471 1758 in
491 1705 650 1774 Thuringie,
670 1710 697 1758 et
715 1705 754 1757 hii
772 1705 794 1757 si
812 1705 861 1757 inv
877 1722 958 1758 causa
977 1705 1144 1770 cecidissent,
1163 1704 1214 1758 sibi
1231 1721 1285 1756 una

164 1775 319 1830 cadendum
342 1793 409 1830 esse.
445 1774 499 1844 Qui
524 1776 635 1844 publica
660 1775 825 1829 discussione
849 1775 1016 1844 interpellati
1040 1793 1090 1844 pro
1116 1775 1284 1843 decimarum

163 1846 320 1901 redditione
346 1848 436 1915 primo
461 1864 511 1914 per
535 1847 623 1900 Deum
648 1847 784 1914 rogabant
809 1847 1051 1916 archiepiscopum,
1080 1851 1111 1899 ut
1135 1847 1284 1914 antiquitus

128 1917 268 1971 ausum
292 1917 464 1971 monasteriis
490 1917 544 1970 suis
569 1916 692 1987 legitima
716 1921 776 1970 rata
801 1918 1012 1985 inconvulsaque
1037 1934 1149 1971 manere
1174 1917 1283 1972 sineret.

181 2006 234 2042 nae
254 1993 282 2041 et
299 1988 378 2042 sedes
397 1989 544 2057 apostolica
563 1993 591 2041 et
609 1988 746 2040 veteribus
766 1993 793 2041 et
810 1989 966 2042 recentibus
985 1989 1093 2056 scriptis
1111 1989 1206 2042 crebro
1234 1989 1284 2041 sibi

162 2007 308 2127 irmasset,
328 2065 356 2112 et
374 2075 543 2126 precessores
556 2059 613 2112 eins
625 2057 784 2127 Mogontini
797 2058 948 2127 pontifices,
967 2060 1066 2112 summi
1079 2077 1110 2113 ac
1123 2059 1284 2112 sanctissimi

162 2131 223 2198 viri,
244 2147 329 2197 usque
349 2130 384 2182 ad
404 2130 571 2199 Liupoldum
591 2130 749 2198 episcopum
767 2147 907 2198 nunquam
924 2129 1073 2200 infringere
1097 2133 1284 2198 temptassent.

163 2199 196 2254 Id
217 2201 305 2254 atroci
323 2217 452 2268 responso
472 2201 690 2269 archiepiscopus
708 2201 817 2268 repulit,
837 2201 939 2254 scilicet
956 2217 1124 2269 precessores
1150 2218 1211 2255 suos
1236 2217 1286 2253 sua

128 2275 255 2325 maetate
267 2287 319 2339 pro
338 2286 387 2324 sno
400 2271 533 2324 arbitratu
552 2271 697 2325 aecclesiae
710 2271 761 2324 Dei
778 2271 934 2324 moderatos
946 2271 1037 2337 fuisse,
1056 2288 1156 2339 eosque
1172 2271 1285 2325 rudibus

164 2343 191 2396 in
211 2341 268 2395 fide
287 2341 457 2395 auditoribus
481 2347 508 2395 et
532 2359 602 2410 pene
628 2342 716 2395 adhuc
740 2342 876 2410 neophitis
901 2343 944 2396 lac
968 2345 1065 2410 potum
1090 2342 1204 2409 dedisse,
1228 2359 1284 2394 non

163 2430 265 2476 escam,
285 2418 312 2465 et
330 2413 446 2481 sapienti
458 2412 660 2480 dispensatione
672 2413 760 2466 multa
771 2412 921 2476 indulsisse,
940 2430 993 2481 que
1005 2429 1133 2481 processu
1145 2414 1284 2481 temporis,

163 2485 231 2538 dum
245 2485 276 2536 in
288 2482 342 2537 tide
355 2484 562 2550 convaluissent,
573 2500 759 2537 successorum
771 2501 883 2537 suorum
896 2484 1028 2536 industris
1040 2484 1156 2537 resecari
1168 2483 1284 2550 vellent,

163 2572 194 2609 se
206 2559 301 2608 antem
315 2553 371 2607 iam
384 2555 477 2607 adulta
490 2555 534 2608 vel
546 2555 638 2622 potius
650 2559 806 2608 senescente
819 2555 952 2608 aecclesia
963 2555 1115 2624 spiritualia
1127 2571 1285 2622 comparare

128 2625 362 2694 sospiritualibus,
379 2643 431 2679 nec
450 2625 504 2678 iam
523 2625 643 2694 parvulis
661 2626 711 2691 lac,
730 2625 778 2679 sed
796 2624 923 2694 perfectis
948 2626 1064 2679 solidum
1090 2625 1180 2679 cibum
1205 2625 1284 2677 mini-

163 2703 251 2750 strare
280 2701 361 2763 atque
387 2713 403 2748 a
426 2695 488 2749 filiis
514 2697 660 2750 aecclesiae
685 2696 759 2766 leges
784 2696 996 2750 aecclesiasticas
1022 2697 1144 2765 exigere;
1169 2695 1285 2764 proinde

163 2785 222 2821 esse
243 2767 283 2820 eis
301 2771 349 2819 sut
374 2768 409 2820 ab
429 2769 535 2821 unitate
559 2767 706 2821 aecclesiae
730 2766 913 2821 secedendum
937 2773 985 2820 aut
1009 2768 1115 2837 legibus
1140 2766 1285 2820 aecclesiae

163 2837 366 2906 aequanimiter
389 2837 625 2905 adquiescendum.
671 2837 742 2890 Tum
766 2837 806 2891 illi
831 2855 922 2891 rursus
946 2856 996 2907 per
1020 2838 1108 2890 Deum
1135 2855 1221 2903 orare,
1246 2843 1285 2904 ut,

164 2911 186 2962 ai
205 2909 232 2961 in
247 2907 370 2962 Romani
382 2908 520 2976 pontificis
533 2909 702 2976 auctoritate,
722 2909 744 2960 si
757 2909 785 2961 in
797 2907 894 2962 Karoli
907 2909 1077 2977 aliorumque
1090 2909 1284 2977 imperatorum

129 2991 155 3031 ss
164 2979 325 3049 privilegiis,
344 2980 367 3032 si
384 2979 413 3032 in
431 2997 618 3048 precessorum
632 2979 690 3032 eiua
702 2978 928 3048 Mogontinorum
941 2979 1102 3049 pontificum
1115 2979 1286 3048 indulgentia

164 3051 250 3104 nichil
270 3050 322 3104 sibi
340 3049 451 3118 presidii
469 3055 517 3103 aut
535 3067 547 3102 s
567 3051 593 3104 ei
611 3050 744 3118 reliquum
764 3054 842 3117 esset,
861 3051 980 3120 ipsarum
999 3051 1096 3104 saltem
1118 3050 1285 3104 decimarum

165 3139 225 3174 eam
253 3121 312 3189 ipse
336 3121 512 3189 partitionem
559 3121 598 3174 eri
623 3121 738 3188 sineret,
770 3138 852 3188 quam
878 3125 906 3175 et
932 3139 1067 3175 canonum
1093 3121 1160 3174 scita
1187 3138 1285 3189 equam

165 3191 339 3258 iudicassent,
352 3196 380 3245 et
392 3196 516 3246 caeterae
528 3210 579 3260 per
590 3192 685 3245 orbern
698 3195 834 3245 terrarum
847 3193 992 3247 aecclesiae
1005 3193 1133 3246 usitatam
1146 3192 1285 3258 haberent,

165 3264 271 3316 scilicet
297 3267 328 3315 ut
352 3267 449 3331 quarta
472 3268 551 3331 parte
578 3263 636 3331 ipse
662 3279 713 3331 pro
739 3279 788 3316 suo
813 3279 977 3332 suorumque
1004 3264 1148 3316 missorum
1177 3262 1286 3315 servitio

129 3339 320 3400 meontentus,
339 3337 394 3386 tres
412 3333 530 3401 reliquas
548 3333 687 3402 portiones
705 3333 849 3402 aecclesiis,
862 3335 960 3402 quibus
972 3333 1121 3400 antiquitus
1133 3333 1286 3386 attitulatae

165 3403 291 3470 fuissent,
312 3404 491 3472 permitteret.
528 3404 649 3458 Econtra
666 3405 809 3473 episcopus
832 3421 938 3458 nones
960 3409 1052 3458 manto
1071 3419 1099 3458 se
1118 3403 1157 3456 ait
1178 3408 1286 3455 tantum

165 3475 291 3529 laborem
309 3474 414 3528 trivisse
433 3479 462 3528 et
479 3473 534 3528 iam
553 3474 715 3543 perdecem
733 3475 820 3530 ferme
837 3492 921 3528 annos
939 3475 1105 3528 laboriosum
1123 3474 1175 3527 hoc
1191 3491 1286 3526 saxum

166 3545 294 3613 volsere,
327 3550 357 3598 ut
384 3546 495 3599 tandem
521 3545 668 3613 aliquando
691 3547 749 3599 voti
774 3563 885 3615 compos
911 3544 1023 3599 affectus
1049 3545 1121 3598 ultro
1146 3544 1205 3597 iure
1237 3561 1287 3598 suo

166 3616 279 3670 ceder-m
297 3619 325 3669 et
347 3619 425 3669 tanto
450 3617 590 3670 molimine
616 3619 736 3670 extortas
762 3618 800 3670 eis
825 3615 943 3670 decimas
968 3615 1032 3684 ipsis
1057 3632 1108 3684 pro
1134 3615 1213 3669 libitu
1238 3633 1287 3669 suo

131 3686 326 3756 dispertiendae
344 3687 491 3741 addiceret.
528 3687 637 3740 Primus
656 3705 688 3740 ac
705 3686 840 3742 secundus
858 3686 935 3741 diesb
958 3687 987 3740 in
1010 3686 1062 3742 hac
1085 3687 1287 3741 concertatione

166 3757 221 3810 ianr
248 3757 380 3824 fluxerat,
407 3757 520 3826 ancipiti
545 3758 634 3812 adhuc
658 3759 785 3827 fortuna,
814 3763 876 3811 utra
900 3775 963 3826 pars
990 3757 1045 3811 utri
1072 3775 1180 3812 cessura
1207 3757 1286 3812 foret.

167 3827 284 3896 lamque
308 3827 336 3881 in
363 3845 395 3882 eo
420 3845 464 3883 res
488 3829 655 3894 vertebatur,
681 3833 712 3882 ut
730 3829 864 3900 Thuringi
889 3829 1042 3898 improbata
1067 3828 1170 3897 synodo
1194 3829 1287 3883 sedern

167 3899 347 4023 :piopltplibcam
375 3900 553 3982 appellarent.
585 3899 664 3982 'Sed'
686 3916 735 4023 re}
769 3900 819 3954 sub
846 3899 1019 3982 attestatione
1054 3901 1172 3982 nominis
1202 3900 1287 3983 divini

133 3975 592 4094 admittant&
616 3987 687 4109 aa
707 3975 995 4110 trapitldt'ffllltit
1012 3971 1288 4096 tttltbttltl

169 4110 372 4180 dissipaturum,
391 4111 551 4179 clademque
570 4112 628 4165 eius
646 4111 701 4164 diei
719 4112 813 4164 multis
832 4117 928 4180 postes
940 4113 1036 4165 seculis
1048 4129 1104 4165 non
1116 4113 1287 4166 abolendam.

169 4181 213 4234 lta
240 4181 324 4236 abbas
341 4181 556 4236 Herveldensise
580 4198 691 4236 suorum
716 4182 839 4252 periculo
864 4184 1035 4250 conterritus,
1060 4183 1188 4251 quoniam
1215 4183 1289 4236 aliud

169 4375 193 4422 a)
206 4376 279 4416 eodem
295 4387 362 4416 mons
375 4388 481 4427 ruperam:
535 4377 558 4428 b)
573 4377 605 4416 tls
619 4387 668 4426 scr,
683 4378 775 4416 alterum
789 4378 831 4420 del.
885 4375 906 4428 c)
920 4374 1049 4419 Herueldc.

1319 563 1396 610 Lornp.

1297 627 1320 663 p.
1329 617 1365 654 ltl
1373 627 1418 664 sqq.
