3186 4844
246 423 428 480 mustus
445 423 634 482 neruoso.
653 425 844 482 sacratur
862 408 1201 484 rumorcnrosun.
1249 431 1285 485 sc

273 610 351 675 Hoc
375 611 480 675 etiam
505 631 596 675 anno
619 612 696 674 orta
719 614 772 674 est
795 611 968 675 discordia
989 611 1081 676 inter
1103 612 1284 696 imperato·
1296 628 1372 681 1234.

164 703 276 764 torem
300 703 336 764 et
360 699 469 762 filium
493 719 593 763 suum
617 698 821 763 Heinricum
847 719 973 782 regem,
997 702 1181 783 quoniam⁸
1209 722 1284 766 con-

163 789 251 853 siliis
281 790 435 872 paternis
465 789 679 872 acquiescere
709 789 831 853 nolens
861 789 1045 854 manifeste
1068 810 1104 854 se
1128 791 1160 854 ei
1183 811 1284 875 oppo-

163 899 245 943 nere
269 871 528 961 attemptanti,
552 877 758 961 quibusdam
789 877 1002 962 principibus
1033 881 1069 943 et
1098 879 1283 945 baronibus

136 969 207 1032 sad
232 988 268 1032 se
294 987 355 1050 per
378 967 559 1050 pecuniam
581 966 768 1031 inclinatis.

271 1055 350 1120 Hoc
374 1056 479 1120 etiarn
503 1077 593 1120 anno
617 1057 708 1120 circa
728 1057 857 1120 festum
873 1055 1080 1121 Michahelis
1097 1055 1284 1140 Gregorius
1294 1081 1350 1130 sm.
1358 1081 1390 1123 ss.

162 1166 255 1230 papa
276 1165 400 1229 eorpus
423 1166 590 1209 novorum
607 1145 833 1210 decretalium
857 1145 1093 1222 autenticavit,
1110 1146 1284 1210 veteribus

331 1235 337 1248 ⁸
368 1234 378 1271 1

162 1235 540 1387 reprotpltpobomini
563 1321 805 1386 MOOXXXV.
838 1323 1008 1387 Dominus
1031 1345 1121 1408 papa
1144 1324 1284 1388 directis
1293 1313 1391 1429 §253
1402 1383 1423 1421 P

128 1431 153 1470 ιο
162 1414 200 1476 in
224 1413 468 1476 Alemanniam
491 1413 627 1476 nunciis
655 1412 699 1476 ab
723 1412 882 1476 omnibus
910 1413 1078 1495 episcopis
1109 1416 1213 1495 atque
1236 1433 1283 1478 re·
1316 1414 1321 1426 '
1359 1413 1426 1426 '''

163 1501 302 1585 galibus
330 1500 498 1566 abbatiise
527 1501 655 1565 milites
683 1522 722 1566 ac
746 1500 938 1564 subsidium
962 1502 1006 1565 ad
1029 1501 1202 1565 Romanos
1225 1502 1283 1566 im·

163 1591 371 1675 pugnandos
395 1590 584 1675 postulavit
594 1591 615 1652 ².

272 1679 349 1743 Hoc
387 1701 478 1743 anno
517 1679 716 1762 Moguntini
757 1679 896 1743 maioris
934 1678 1076 1744 ecclesie
1116 1680 1357 1758 canonicum.

163 1769 415 1852 archiepiscopi
445 1769 653 1832 auctoritate
682 1768 775 1845 freti,
809 1788 870 1851 per
900 1771 1008 1832 totam
1041 1769 1284 1853 Moguntinam

129 1851 350 1922 ltdiocesimd
370 1857 523 1920 edictum
546 1857 862 1941 promulgaverunt,
882 1857 1044 1922 videlicet
1067 1861 1107 1921 ut
1130 1859 1166 1920 in
1190 1859 1284 1922 omni

164 1946 311 2012 ecclesia
341 1946 563 2010 conventuali
593 1967 662 2009 una
693 1946 972 2029 extingueretur⁰
1001 1947 1185 2030 prebenda,
1219 1948 1283 2012 hoc

163 2036 277 2119 pretio
301 2034 420 2100 debita
443 2035 661 2119 episcopatus
684 2034 859 2098 solvendo.

272 2124 349 2188 Hoc
374 2144 464 2188 anno
480 2145 597 2188 mense
613 2124 706 2188 Maio
729 2125 918 2208 imperator
940 2144 1095 2207 egressus
1118 2124 1162 2188 ab
1178 2125 1363 2191 Italianau.

163 2216 280 2297 partes
296 2212 465 2278 Teutonie
489 2214 699 2297 aggreditur,
723 2233 825 2295 quam
849 2214 922 2277 fere
945 2213 982 2275 in
998 2212 1084 2276 XVI
1100 2215 1199 2277 annis
1214 2235 1284 2278 non

128 2302 375 2366 mutaverat.
429 2303 611 2367 Transiens
641 2321 721 2366 vero
751 2302 928 2366 Austriam
963 2301 1183 2379 discordiam,
1217 2324 1284 2386 que

164 2393 258 2456 inter
286 2410 402 2474 regern
428 2391 591 2456 Boemie³
613 2412 652 2456 ac
677 2391 799 2455 ducem
823 2390 988 2454 Austris4
1010 2391 1126 2455 fuerat
1154 2397 1282 2469 exorta,

164 2480 358 2546 conabatur
387 2481 508 2564 sopire,
542 2473 644 2563 [sedf]
674 2501 744 2544 non
770 2479 910 2545 valebat
940 2482 1081 2564 propter
1109 2481 1284 2545 intollera-

164 2570 271 2635 bilem
294 2569 490 2651 superbiam
514 2569 610 2633 ducis
634 2589 673 2632 ac
697 2568 893 2645 stultitiam,
918 2589 998 2651 rege
1021 2573 1139 2633 tamen
1163 2573 1283 2653 parato

164 2660 209 2723 ad
239 2659 533 2741 compositionem.
581 2658 648 2722 Sed
679 2659 761 2722 dum
791 2657 885 2722 flecti
915 2679 985 2722 non
1014 2657 1193 2735 valuisset,
1225 2679 1284 2723 rex

129 2749 255 2812 sidem
288 2747 495 2811 Boemorum
530 2767 645 2830 regem
668 2747 844 2830 Ungarie⁵
874 2767 951 2811 cum
982 2748 1105 2812 ceteris
1136 2750 1285 2830 quatuor

164 2837 305 2920 regibus
334 2838 372 2900 in
395 2836 561 2900 auxilium
592 2836 794 2912 advocans⁶‚
824 2837 952 2900 terram
984 2837 1081 2900 ducis
1110 2837 1284 2921 ingressus

165 2929 226 3002 est,
252 2947 331 2990 cnm
355 2926 475 2990 eodem
497 2925 716 2990 committens
738 2925 777 2988 in
799 2945 915 2990 mense
932 2925 1039 3002 Iulio;
1063 2926 1184 3007 inquo
1209 2947 1338 2992 con-ro.

164 3015 262 3079 flictu
298 3019 429 3097 strages
464 3015 612 3086 maxima
646 3017 876 3098 pugnatorum
913 3018 1016 3097 atque
1050 3015 1086 3077 in
1122 3015 1285 3080 Danubio

165 3104 420 3168 submersorum
443 3103 538 3166 facta
562 3103 645 3178 est⁷‚
669 3122 751 3187 rege
774 3103 988 3187 triumphum
1013 3103 1203 3169 obtinente.

129 3209 156 3249 ro
272 3191 487 3276 Imperatore
517 3193 554 3254 in
577 3191 820 3257 Alemanniem
847 3192 1007 3256 veniente
1037 3193 1192 3257 fautores
1220 3193 1284 3256 filii

164 3282 218 3345 sui
241 3280 401 3345 Heinrici
430 3280 520 3363 regis
544 3281 644 3346 valde
675 3280 817 3356 turbati,
848 3280 922 3344 fere
945 3299 1062 3344 omnes
1092 3282 1206 3364 ipsum
1230 3282 1284 3345 de-

165 3373 333 3444 serentes,
373 3370 465 3452 patri
503 3370 669 3434 adherere
708 3373 885 3452 ceperunt.
947 3367 1165 3454 Quapropter
1203 3389 1284 3453 sepe

165 3461 280 3524 dictus
303 3479 363 3523 rex
386 3458 571 3522 Heinricus
595 3459 731 3523 veniam
754 3479 775 3522 a
798 3461 896 3542 patre
919 3458 1027 3542 ipsius
1050 3459 1087 3520 in
1102 3458 1285 3541 Wimphe⁸
1363 3511 1373 3533 ,

166 3547 356 3632 postulans,
387 3549 498 3630 gratie
529 3567 589 3611 sue
619 3567 654 3612 so
679 3567 808 3630 suaque
831 3547 947 3611 omnia
971 3547 1192 3624 contradidit,
1224 3547 1284 3611 sed

130 3759 154 3800 tt
163 3758 185 3804 ι)
199 3767 258 3799 corr.
273 3757 336 3795 Perta
355 3756 394 3805 (cs.
407 3767 477 3806 cupro
487 3768 511 3806 p.
521 3757 555 3806 87,
570 3767 591 3800 a.
600 3755 636 3808 d),·
656 3765 723 3804 quem
737 3758 763 3806 13
786 3757 824 3806 qul
838 3756 944 3796 Boetmer
957 3756 1020 3798 mole.
1090 3755 1114 3808 b)
1130 3757 1252 3798 attentavit
1266 3759 1284 3800 1.

163 3816 184 3860 e)
198 3810 319 3850 abbatibus
333 3810 358 3852 P.
412 3807 436 3859 d)
449 3807 563 3850 dloecasln
577 3811 596 3854 1.
649 3809 671 3860 e)
684 3809 820 3850 venderetur
833 3810 858 3853 P.
912 3809 1053 3860 otmunt,-
1068 3821 1110 3853 om.
1123 3812 1142 3852 1.

165 3993 190 4055 1)
210 3989 323 4041 Litteris
340 3989 413 4040 datie
430 3989 499 4056 Sept.
513 3991 539 4052 5,
561 3988 681 4040 Pedicat
704 4005 748 4042 nr.
768 3991 846 4043 9693.
866 3990 944 4043 9694.
1017 3989 1045 4054 2)
1065 3987 1107 4052 Cf.
1124 4003 1212 4054 papae
1230 3989 1285 4054 epa*-

163 4061 247 4112 atolas
265 4061 291 4113 cl.
309 4060 335 4114 d.
356 4062 435 4114 1234.
460 4061 525 4112 Noe.
544 4061 587 4115 25.
606 4062 650 4126 27,
671 4059 723 4128 Ep.
739 4067 813 4127 pont.
831 4060 877 4113 sel.
896 4059 919 4126 I,
936 4075 966 4125 p.
978 4060 1142 4122 ssu-498,
1162 4074 1205 4109 nr.
1219 4060 1282 4113 607.

164 4133 225 4186 608.
305 4133 333 4198 3)
359 4131 540 4182 Wenzeslaum
558 4131 582 4186 I.
671 4133 699 4198 4)
721 4131 892 4182 Friderr'cum
910 4131 950 4184 ΙΙ.
1041 4131 1068 4197 5)
1088 4131 1226 4181 Andreom
1244 4130 1283 4184 II.

131 4205 191 4270 toll)
210 4203 271 4254 Has
289 4218 333 4254 res
351 4207 443 4254 auctor
459 4217 515 4253 non
532 4201 756 4268 benemerita
773 4201 874 4255 tabuit.
913 4202 955 4266 Cf.
975 4201 1007 4255 L.
1021 4201 1139 4266 Darpun
1158 4203 1187 4252 in
1205 4202 1285 4253 ‘For-

165 4273 309 4340 sctunpen'
322 4272 404 4336 XIX,
419 4289 448 4338 p.
462 4275 523 4328 365.
537 4275 588 4327 371
601 4289 639 4340 sq.
695 4275 722 4340 7)
741 4273 878 4324 Proelium
896 4279 958 4324 tunc
976 4288 1028 4324 non
1046 4275 1212 4324 mminisaem
1230 4279 1284 4334 est,·

167 4345 239 4398 Ceut.
258 4345 387 4396 Sanctum.
406 4343 446 4410 II,
466 4343 515 4396 SS.
528 4344 580 4410 IX,
596 4361 625 4411 p.
643 4343 711 4410 638;
737 4345 807 4398 Ana.
827 4343 922 4397 Mallia.
943 4351 966 4395 et
984 4343 1011 4396 S.
1025 4343 1111 4396 Buce.
1125 4343 1230 4408 Sallen,
1249 4344 1283 4398 ib.

162 4417 269 4482 12508.
290 4417 350 4470 786.
440 4417 468 4482 8)
493 4415 536 4479 ef.
560 4415 696 4467 Pantheon
719 4413 792 4468 Ceut.
811 4415 953 4478 mareau,
981 4415 1028 4468 SS.
1048 4413 1149 4478 XXII,
1174 4431 1202 4481 p.
1222 4417 1283 4468 348.
