3266 4852
345 347 398 401 ten
743 341 910 397 GRONIGA
927 340 1063 397 MINOR

344 526 381 590 r'n
409 525 638 608 purificatione
670 545 695 590 e.
722 525 866 606 Marios,
898 523 1136 590 Enottott'onem
1165 545 1191 588 s.
1222 524 1333 605 criseis,
1368 525 1460 590 Vitas

346 613 492 696 Kitioni,
524 614 690 696 Lamperli
716 613 913 694 Leodtensis,
944 613 1054 678 Bedoe
1084 613 1295 694 Venerabilis,
1326 613 1459 696 Aeprdii

344 703 477 777 abbatis,
503 703 677 784 Bonifacii
699 709 824 768 auctom
851 702 968 782 Otlobo,
996 702 1252 767 Translationem
1281 723 1306 767 s.
1331 703 1459 767 Inbort'i

343 792 494 874 ipuotom,
519 793 666 875 tependas
682 791 836 874 Stephani
849 791 935 874 repis
957 791 1121 873 Unpariae
1139 797 1169 855 et
1189 791 1336 857 Udalrici
1351 790 1458 873 Ampu-

344 880 433 946 stoni
455 881 620 962 bucusque,
643 887 679 946 ut
700 879 833 961 uidetur,
856 878 1004 960 ineditas,
1025 879 1115 945 Vitas
1129 879 1282 945 Heinriei
1293 881 1319 944 I
1319 880 1347 944 I.
1365 880 1458 961 impe·
1476 904 1490 945 o

344 969 463 1034 catoris
492 977 618 1035 auctore
647 969 842 1035 Adatbcrto¹
870 990 940 1034 cum
968 968 1049 1033 libro
1078 966 1304 1034 miraculorum
1333 968 1402 1033 eius
1431 975 1460 1032 et

345 1058 426 1122 libro
440 1059 516 1123 ΙΙΙ.
534 1065 645 1140 postea
667 1058 797 1124 addito²
819 1065 848 1122 et
874 1057 1078 1140 Ounepundis
1099 1056 1344 1138 insperati-nien
1379 1057 1458 1121 For-

345 1153 428 1212 tasse
457 1147 612 1229 qemedam
641 1148 679 1212 de
707 1146 760 1212 bis
788 1148 835 1212 oet
864 1145 941 1211 aliis
970 1145 1097 1225 sanctis,
1128 1167 1205 1228 quos
1226 1145 1284 1211 boc
1307 1147 1371 1212 tooo
1393 1167 1458 1210 uon

345 1235 520 1315 nominaui,
554 1257 593 1300 en
625 1235 849 1318 martyrolopt'o
882 1236 1018 1316 quodam
1051 1235 1098 1299 od
1131 1255 1170 1299 ce
1201 1234 1459 1300 adnotationibus

344 1323 565 1407 martyrolopii
588 1324 769 1404 lepenclario
791 1324 921 1389 insertis
943 1323 1104 1405 sumpsit⁴,
1128 1344 1227 1404 neque
1249 1330 1353 1388 tamn
1376 1323 1493 1404 quis-1⁰

345 1433 441 1494 quam
470 1412 720 1495 bapiopropbioe
746 1433 870 1494 pnorns
898 1412 1027 1493 ipnorat
1055 1412 1112 1476 boc
1138 1411 1331 1491 difficillime
1360 1411 1459 1477 statui

340 1522 432 1582 posse
461 1523 518 1566 nec
546 1501 727 1582 mirabitur,
758 1503 841 1583 quod
868 1500 953 1566 nibil
975 1501 1090 1566 certine
1112 1499 1172 1565 bac
1194 1502 1232 1565 cte
1254 1521 1289 1564 re
1311 1500 1456 1565 dixerim.

452 1591 710 1655 Fundamentum
725 1590 818 1671 quasi
833 1590 937 1672 operis
959 1589 1010 1654 sui
1033 1595 1142 1654 auctor
1150 1588 1261 1670 posuit
1282 1590 1457 1671 catolopum

345 1681 502 1760 quendam
514 1679 704 1760 pontificum
718 1679 945 1756 Romanorum,
970 1699 1009 1742 en
1024 1697 1084 1760 quo
1101 1698 1205 1759 paene
1228 1699 1333 1742 omnes
1356 1698 1458 1742 annos

346 1788 527 1850 mensesque
550 1767 717 1849 repiminis
739 1787 846 1832 eorum
867 1767 999 1849 sumpsit
1007 1768 1028 1846 ⁶,
1053 1788 1122 1831 cum
1144 1766 1181 1830 in
1205 1765 1285 1831 libro
1307 1767 1493 1845 Frutolft-us

346 1855 533 1921 Elebebordi
541 1855 714 1921 rariusbos
725 1856 891 1921 adnotatos
901 1855 1079 1920 inuenisset.
1103 1854 1458 1919 Eubocautemscriem

346 1951 375 2008 ct
405 1945 538 2009 nomina
563 1943 753 2026 pontificum
782 1966 851 2009 cum
885 1944 983 2010 annis
1016 1943 1193 2009 dominicae
1220 1943 1459 2008 incarnationis

346 2053 453 2098 eornm
475 2055 571 2115 usque
594 2034 638 2097 ad
658 2054 739 2119 saec,
756 2033 825 2097 IX.
849 2055 896 2098 eu.
920 2033 988 2112 scre
1010 2031 1257 2114 transscripsiffi.
1308 2032 1459 2114 Qomois

346 2121 429 2188 anni
451 2121 619 2205 repiminis
635 2122 832 2205 pontificu-m,
862 2143 939 2204 quos
965 2143 1004 2186 eu
1026 2122 1166 2203 catatopo
1188 2121 1328 2202 sumpsit,
1353 2121 1457 2203 deffer-

345 2217 418 2276 rent
446 2211 486 2275 ab
515 2210 613 2276 annis
641 2210 878 2276 iucarnationis
907 2209 1105 2290 Ebbebardt‘,
1134 2210 1320 2291 plerumque
1354 2216 1494 2275 inmenso

346 2300 403 2365 bos
425 2299 559 2365 retinuit
568 2300 588 2364 ⁷.
621 2299 756 2365 Demmn
779 2301 818 2364 ob
841 2300 970 2366 Urbano
987 2319 1078 2380 papa
1093 2298 1124 2362 Ι.
1148 2319 1333 2381 copnoeccns
1355 2319 1458 2364 annos

347 2388 483 2470 catolopt'
517 2389 568 2454 sni
601 2390 641 2454 ab
674 2388 718 2452 iis
750 2387 943 2452 Ebbcbardi
976 2387 1074 2452 nimis
1107 2386 1245 2467 differre
1278 2393 1308 2451 et
1338 2387 1457 2452 inserto
1555 2405 1559 2413 ·

351 2477 487 2560 Cyriaco
504 2499 593 2559 papa
616 2497 719 2542 annos
740 2476 979 2542 iucarnationis
1000 2475 1191 2541 Ebbebardi
1214 2497 1305 2556 saepe
1327 2475 1458 2541 mutarit

345 2587 444 2648 neone
474 2573 577 2630 tamen
607 2587 675 2630 cum
702 2565 800 2630 annis
823 2565 988 2647 repimint's
1018 2564 1154 2647 catolopi
1181 2563 1233 2628 sui
1254 2563 1367 2645 ubique
1390 2584 1458 2629 con·

346 2652 488 2721 cordamt
497 2655 518 2718 ⁸.
565 2654 687 2735 ltaque,
718 2654 863 2735 quamuis
891 2655 1035 2733 studeret,
1064 2659 1100 2718 ut
1129 2653 1173 2718 ad
1200 2651 1457 2734 computationem
1467 2677 1494 2717 ss

345 2765 505 2809 annorum
516 2741 754 2809 incarnationis
766 2742 957 2808 Ellebordi
968 2743 1192 2825 reprederetur,
1209 2747 1348 2823 tempora
1354 2741 1457 2822 ponti·

345 2833 442 2912 ficum
470 2832 585 2897 misero
614 2833 704 2896 modo
736 2832 941 2914 conturbavit,
971 2830 1162 2913 praesertim
1192 2853 1214 2896 a
1242 2830 1365 2895 soeculo
1388 2829 1456 2894 IX.

345 2927 483 3002 enennte,
506 2921 622 2986 abinde
642 2919 710 2986 iam
732 2941 798 2985 uon
817 2941 915 2986 ausus
928 2919 1142 3001 pontificibus,
1166 2939 1298 3001 aunum
1308 2917 1459 3000 permulti

345 3031 425 3076 saec.
446 3009 489 3073 X.
520 3011 675 3092 sederunt,
706 3029 809 3075 annos
836 3008 1074 3074 incarnationis
1102 3007 1289 3087 adscribere,
1320 3008 1416 3072 donec
1437 3027 1458 3069 o

346 3099 451 3163 Leone
474 3097 542 3162 IX.
567 3120 657 3180 popa
679 3119 783 3163 annos
804 3097 970 3179 anpcrti
992 3103 1021 3161 ct
1042 3095 1233 3161 Ebbebardi
1255 3101 1413 3176 repeteret.
1468 3121 1496 3161 so

459 3186 626 3270 Gotatopns
643 3186 840 3269 pontificum,
864 3207 954 3267 queem
969 3191 1080 3250 auctor
1093 3191 1214 3249 secutus
1228 3189 1281 3264 cst,
1304 3183 1372 3247 iam
1394 3204 1458 3248 nou

346 3281 470 3341 enstorc
492 3275 625 3354 ridetur,
656 3277 712 3340 sed
732 3274 785 3340 bic
805 3274 974 3357 prosimus
995 3273 1061 3353 suit
1088 3271 1125 3354 ei,
1156 3293 1245 3356 quem
1273 3271 1459 3352 lictifredus

349 3469 375 3530 1)
392 3467 439 3522 88.
459 3468 511 3533 IV,
535 3485 563 3535 p.
582 3469 668 3522 787-
676 3469 737 3523 814.
809 3467 837 3533 2)
854 3465 922 3520 Ibid.
946 3483 973 3534 p.
992 3465 1155 3521 sle-820.
1227 3465 1254 3530 3)
1273 3463 1342 3517 Ibid.
1358 3481 1387 3530 p.
1405 3464 1456 3518 821

349 3541 450 3594 -824.
534 3540 562 3605 4)
582 3539 721 3590 Nonnulla
739 3539 817 3590 etium
836 3539 868 3591 de
885 3539 984 3590 eunetis
1002 3553 1036 3588 en
1053 3535 1175 3587 cantibus
1194 3534 1280 3598 officii
1296 3535 1461 3586 eoolmiastioi

347 3611 463 3674 fortasse
479 3611 600 3676 sempsit,
624 3615 654 3660 ut
679 3611 708 3662 id
732 3610 801 3677 quod
826 3610 857 3662 de
876 3606 1041 3661 CtennnteI.
1062 3622 1139 3674 popo
1162 3606 1241 3660 dieii.
1312 3607 1339 3672 ὃ)
1358 3605 1496 3659 Paucosse

347 3681 509 3733 Ebksbardi
532 3683 651 3736 retinnit.
741 3683 768 3746 6)
794 3681 860 3732 Cum
884 3678 1049 3732 Ellebardo
1073 3676 1113 3729 bis
1134 3678 1227 3746 posuit
1244 3677 1353 3729 Sinium
1370 3676 1409 3730 ΙΙ.
1436 3681 1458 3728 ei

348 3751 521 3817 Dionysium.
557 3751 608 3803 Sed
626 3755 681 3819 ipse
706 3767 738 3803 en
757 3751 865 3817 tependo
889 3750 1010 3803 undecim
1028 3749 1134 3800 mitium
1152 3749 1288 3814 vispinum
1306 3747 1457 3812 cyriacum,

347 3839 360 3875 e
383 3823 444 3874 Vita
463 3823 571 3874 Hilarii
588 3822 713 3885 fabuloso
731 3823 842 3874 Leonem
856 3837 959 3890 popam
977 3822 1132 3873 Accianum
1151 3819 1263 3872 addidit.
1336 3818 1364 3886 7)
1381 3817 1460 3870 Velut

347 3893 531 3946 Eleutleerium
550 3893 731 3946 Ellebordus
755 3895 836 3944 annis
856 3895 890 3947 13
917 3894 951 3944 ab
969 3894 1068 3948 a.178.
1087 3906 1169 3958 sesque
1185 3889 1223 3942 od
1246 3905 1272 3944 a.
1287 3891 1346 3945 191.
1364 3890 1460 3941 sedisse

346 3965 427 4029 discit,
456 3981 521 4032 onos
546 3979 632 4016 annos
659 3965 856 4016 incantationis
879 3964 969 4028 frater
993 3964 1087 4016 Minor
1111 3962 1230 4026 retinuit,
1257 3961 1377 4028 quamuis
1404 3962 1497 4028 ipsese

347 4035 532 4088 Eleutherium
557 4037 637 4086 annis
663 4037 704 4098 lb,
730 4051 810 4089 mne.
833 4038 850 4090 9
876 4035 971 4088 sedisse
995 4036 1150 4101 sumpsisset.
1188 4032 1254 4084 &em
1279 4031 1460 4084 Iibleelsurctus

346 4107 526 4174 Zepbmmum
544 4105 578 4156 ob
598 4122 624 4164 α,
643 4108 704 4161 203.
723 4109 804 4158 annis
824 4109 857 4162 18
881 4106 977 4158 sedisse
994 4105 1126 4171 scriberet,
1152 4105 1177 4156 ei
1200 4118 1226 4157 u.
1245 4104 1306 4158 221.
1329 4102 1460 4154 Victorem

346 4179 495 4230 sucessisse
507 4177 586 4242 dixit,
605 4191 671 4243 quos
683 4193 770 4230 annos
781 4179 978 4230 incarnationis
989 4183 1077 4228 noster
1089 4177 1216 4243 repetiuit,
1229 4176 1350 4242 mmsis
1361 4173 1459 4242 Zepbe·

346 4251 439 4298 rinum
462 4253 567 4298 tantum
591 4249 671 4300 annis
689 4251 715 4315 8,
740 4251 856 4302 mensi
882 4248 977 4300 sedisse
1001 4247 1119 4300 dixisset.
1202 4245 1230 4313 8)
1256 4245 1331 4296 Velut
1349 4244 1459 4311 Stepho-

346 4317 731 4385 sumtuosissimae
748 4319 784 4371 ad
802 4337 827 4373 e.
844 4321 904 4374 280.
924 4321 1005 4370 annes
1022 4321 1048 4384 8,
1068 4319 1176 4372 mens?
1195 4317 1290 4370 sedisse
1307 4317 1387 4369 dixit.
1469 4329 1497 4370 tt
