3254 4862
398 341 590 398 GRONIGAE
609 341 773 399 MINORJS
791 341 987 398 APPENDIX
1006 341 1061 400 111.
1241 349 1293 402 ⁷19

279 519 411 575 Nicoleus
435 537 507 602 papa
532 519 555 575 1.
581 520 739 589 sequenciss
766 521 870 576 cmtnri
895 522 1042 588 concessit,
1070 521 1133 576 sed
1158 499 1421 602 Nocerius⁰23ff3¹fss⁰r

174 593 258 648 obbas
276 591 373 646 Sancti
391 590 465 646 Galli
483 591 640 660 sequencias
658 592 818 662 composuit

280 662 434 717 Ieronimus
453 661 610 734 ewangelio,
634 666 718 732 prout
735 663 844 717 iestis
869 667 897 716 et
922 663 1115 718 stacionibus
1139 681 1291 733 congruere
1300 677 1330 718 o.
1334 678 1411 727 uoto.

173 752 250 820 vidit,
270 751 389 822 collegit,
408 750 468 805 sed
485 751 653 805 Damasuso
674 751 787 822 popel
810 751 842 804 et
865 749 995 804 sanctus
1019 745 1186 821 Gregorius
1209 764 1291 823 papa

151 823 250 893 clegi
268 823 304 876 in
320 822 429 877 misso
447 822 705 878 constituerunt.

280 905 415 964 Sanctus
438 905 606 980 Gregorius
629 922 711 981 papa
733 907 941 982 ewangelium
964 906 1025 981 legi
1049 907 1090 964 ad
1113 908 1291 982 aquilonem

174 999 415 1142 eonem§illotus
454 1083 621 1159 Gregorius
659 1101 742 1159 papa
779 1088 812 1141 et
849 1084 1056 1143 Innocencius
1094 1103 1176 1160 papa
1213 1084 1290 1142 HI¹¹⁸

173 1173 427 1231 benediccionem
450 1178 483 1230 et
506 1173 648 1231 osculum
671 1174 713 1231 ad
736 1174 943 1248 ewangelium
966 1173 1033 1231 iieri
1048 1175 1290 1232 constituerunt.

139 1262 181 1334 ro⁸
264 1249 440 1333 ⁸Antistasius
458 1268 530 1319 papa
547 1249 570 1310 Ι,
591 1250 765 1318 constituit,
791 1254 822 1303 ut
840 1251 929 1305 nullus
948 1251 1041 1306 sedent
1059 1249 1093 1304 od
1112 1251 1292 1322 ewangelium
1302 1265 1357 1314 sup.
1365 1265 1411 1309 ors.

173 1339 208 1374 ln
227 1338 341 1376 m1ssa.

279 1409 406 1464 Zosimus
432 1427 504 1480 pepe
523 1411 672 1478 constituit,
697 1415 735 1464 ut
759 1409 897 1479 dyaconus
922 1409 1031 1464 leuamb
1054 1415 1139 1481 tegat,
1165 1406 1291 1480 quando

173 1494 250 1568 legit
272 1494 496 1568 ewangelium
524 1504 558 1554 et
583 1499 795 1567 constituit,
821 1503 851 1552 ui
869 1516 963 1554 omnes
985 1501 1101 1555 stando
1127 1517 1189 1554 cum
1214 1517 1292 1554 reve·

173 1571 267 1624 reneio
285 1571 463 1640 ewangelium
483 1571 621 1626 audiant.

131 1653 155 1691 ro
279 1642 434 1696 Damasus⁸
455 1659 527 1712 papa
546 1641 569 1696 I.
595 1643 738 1696 constituit
755 1641 860 1696 canteri
884 1641 914 1696 in
937 1642 1020 1696 missa
1045 1643 1128 1698 Orode
1153 1646 1183 1696 in
1208 1657 1411 1706 unumoffleoa.

175 1733 269 1786 Deum.
316 1725 384 1782 Hoc
408 1726 588 1799 symbolum
612 1726 679 1782 sedi
702 1726 871 1800 apostolice
894 1726 928 1782 in
950 1725 1082 1784 thabula
1105 1743 1176 1784 crea
1191 1730 1291 1784 trans·

175 1817 307 1872 missum
322 1812 501 1871 Damasus⁸
520 1831 602 1890 papa
625 1818 814 1889 congregato
837 1815 1016 1889 particulari
1032 1816 1162 1873 concilio
1178 1816 1291 1872 exami-

173 1904 273 1971 navit,
297 1907 330 1960 et
352 1903 517 1960 inveniens
540 1905 574 1960 in
598 1919 634 1960 eo
658 1903 817 1961 deiectum
836 1903 983 1978 apposnit
998 1921 1071 1961 cum
1087 1905 1217 1962 concilio
1232 1905 1291 1962 hoc
1370 1945 1376 1958 .

174 1993 306 2049 verbum
329 1990 453 2065 filioque,
477 1997 509 2050 et
533 1993 577 2049 ric
600 1997 774 2050 correctum
797 1992 929 2049 tradidit
952 1993 1080 2050 ecclesie
1097 1994 1177 2050 etin
1193 1994 1291 2050 missa

138 2082 294 2138 accantati
329 2075 508 2139 *constituit
541 2083 634 2138 certis
673 2081 793 2139 diebus.
851 2081 919 2138 Hoc
957 2081 1061 2156 ipsum
1100 2082 1289 2156 symbolum,
1301 2102 1330 2149 rs.
1338 2103 1370 2144 oe.

174 2170 292 2227 scilicet
309 2167 399 2227 Gredo
421 2170 453 2228 io
468 2187 555 2228 unum
570 2168 675 2238 Deum,
691 2171 866 2228 secundum
883 2170 1062 2244 symbolum
1077 2171 1289 2246 apostolorum

174 2259 326 2316 dividitur
348 2259 381 2316 in
405 2259 465 2316 XII
488 2259 703 2334 portiunculas
728 2261 794 2317 sive
817 2260 965 2317 articulos
975 2253 996 2328 ²,
1021 2261 1165 2334 quamvis
1189 2261 1290 2334 magis

174 2348 281 2405 diffusi
304 2349 369 2405 sint
392 2349 581 2423 etamplius
605 2348 737 2406 dilatati.

280 2443 436 2498 Sanctus
449 2441 598 2512 Gregorius
610 2460 701 2511 papa
714 2443 884 2496 offertorium
897 2441 929 2493 et
941 2455 1050 2494 versus
1063 2437 1290 2495 offertoriorum
1302 2459 1357 2507 op,
1365 2459 1411 2501 590.

139 2523 166 2564 25
176 2515 328 2582 composuit
347 2518 374 2567 et
393 2515 536 2568 cantori
555 2513 583 2566 in
602 2513 685 2566 missa
702 2513 870 2569 coustituit.

281 2602 408 2656 Zosimus
425 2619 497 2672 pepe
516 2602 665 2670 conaituit,
684 2607 721 2656 ut
746 2596 788 2653 ad
810 2597 1003 2653 offertorium
1028 2603 1057 2654 in
1082 2603 1163 2655 missa
1188 2602 1291 2672 aliquid
1300 2619 1329 2660 ro.
1334 2631 1358 2667 p.
1367 2618 1414 2658 oue.

176 2671 235 2725 Deo
253 2673 350 2728 offeret
368 2673 544 2727 Christianus.

282 2743 438 2799 Sanctus
464 2743 613 2814 Gregorius
638 2761 729 2813 papa
753 2744 894 2798 constituit
917 2743 1053 2798 offerri
1079 2749 1114 2798 st
1138 2744 1441 2810 incensariispoeoso.

176 2831 337 2885 sacrificium
355 2835 391 2886 in
409 2833 522 2887 altari
541 2838 569 2886 et
586 2832 666 2902 poni
684 2833 817 2886 calicem
836 2828 869 2884 in
891 2828 989 2884 latere
1011 2828 1124 2901 hosiye
1147 2833 1180 2885 et
1201 2845 1291 2886 num·

137 2931 270 2990 coquam
294 2915 402 2973 ante⁰.
449 2916 655 2974 innocencius
678 2933 761 2991 papa
783 2911 862 2973 ΙΙΙ.2
885 2921 917 2973 et
940 2915 1025 2974 Ordo
1049 2917 1209 2974 Romanus
1232 2917 1291 2974 hoc
1378 2917 1380 2922 '

174 3004 259 3062 idem
281 3005 367 3062 dicit.

280 3080 450 3150 Zepherinus
467 3099 540 3151 pepo
558 3083 707 3150 constituit,
725 3086 757 3136 ut
774 3099 838 3136 voss
855 3083 942 3136 vitree
960 3086 1049 3138 essent
1066 3083 1167 3136 altaris.
1301 3099 1414 3148 aecor.

281 3152 410 3207 Urbanus
434 3171 506 3222 papa
531 3151 576 3210 Lo
597 3158 726 3224 postea
751 3155 907 3222 constituit,
935 3158 966 3207 ut
989 3171 1054 3208 vase
1078 3158 1187 3208 essenie
1210 3171 1411 3220 aurasiaeooe.

174 3224 218 3277 vel
237 3227 367 3292 argenteo
384 3225 427 3278 vel
446 3225 544 3278 saltem
562 3224 705 3295 stegness.

137 3313 166 3352 aa
281 3293 412 3350 silvester
429 3313 502 3364 pepe
513 3294 537 3353 1.
557 3297 706 3365 constituit,
725 3299 762 3349 ut
780 3296 851 3350 calix
868 3299 1106 3351 consecretur
1118 3300 1153 3350 et
1164 3296 1291 3349 crismate
1300 3313 1329 3353 a.
1334 3325 1359 3363 ρ.
1368 3314 1415 3356 ooo.

176 3366 324 3436 ungatur³;
344 3371 372 3420 et
390 3368 531 3420 constituit
548 3367 625 3436 ipse
644 3367 737 3422 idem
755 3373 902 3422 sanctus
920 3366 1104 3422 Silvester
1129 3385 1234 3436 papa,
1261 3372 1291 3421 ut

176 3436 204 3490 in
223 3455 313 3506 panno
328 3437 399 3492 lineo
412 3438 524 3506 mundo,
543 3439 646 3493 scilieet
656 3439 800 3508 corporali,
818 3438 982 3494 sacrificium
994 3439 1087 3492 altaris
1099 3439 1289 3493 tantummodo

176 3507 338 3577 celebretur,
359 3509 435 3577 *quia
452 3509 565 3579 Yoseph
585 3527 684 3578 corpus
701 3510 813 3563 Domini
830 3510 944 3563 involvit
961 3509 1089 3578 syndone.
1301 3525 1371 3574 'aaa

282 3578 380 3634 Petrus
404 3581 543 3650 spostolus
568 3581 768 3634 constituit
792 3581 946 3634 hostiam
971 3580 1006 3634 de
1031 3581 1132 3648 azimo,
1158 3597 1227 3634 non
1251 3580 1409 3647 (leugam,

139 3650 401 3707 eoicrmenteto
428 3669 519 3721 pane
545 3651 713 3722 [confici⁰]‚
742 3651 793 3705 sic
817 3651 1013 3706 invariabiliter
1039 3651 1162 3706 tenuit
1188 3650 1290 3705 sedes

175 3741 392 3808 apostolica.
433 3735 515 3791 Nam
539 3741 571 3792 et
593 3735 660 3810 ipse
678 3735 830 3792 dominus
853 3739 960 3792 noster
982 3735 1072 3792 Iesus
1088 3733 1232 3792 Christus
1251 3735 1290 3792 de

175 3881 327 3984 &aumas-lus
340 3895 357 3927 c.
425 3884 448 3931 b)
466 3894 508 3933 seq.
527 3885 693 3934 tangeremur.
761 3883 781 3935 c)
799 3889 829 3924 ιῐι
844 3895 861 3926 c.
924 3882 948 3934 d)
966 3889 1045 3933 postea
1059 3885 1076 3926 Ι.
1090 3895 1107 3925 c.
1174 3883 1195 3934 e)
1214 3894 1256 3923 orn.
1271 3895 1289 3924 c.

205 3947 302 3988 sgneu
315 3949 334 3978 c.

177 4063 203 4122 1)
227 4062 260 4115 Ut
277 4064 385 4130 exposit
403 4062 493 4118 innoc.
512 4061 568 4128 III,
594 4061 704 4128 Mystcr.
723 4063 820 4113 messae
837 4061 876 4129 II,
895 4064 938 4116 49.
958 4063 1001 4127 50,
1021 4063 1038 4116 l.
1058 4062 1074 4116 l,
1094 4062 1117 4128 I,
1139 4077 1167 4128 p.
1187 4064 1240 4118 354
1252 4079 1289 4129 oq.

135 4133 213 4188 roEt
230 4149 263 4184 ee
281 4133 324 4185 aa
342 4132 474 4200 capitibus
494 4149 562 4199 quae
585 4133 617 4184 de
641 4133 768 4185 divisim
790 4133 905 4198 symboli
927 4133 1108 4200 apostolorum
1127 4133 1216 4188 Iunco.
1234 4133 1289 4187 III.

175 4205 239 4256 dicit
261 4209 323 4272 post
349 4205 419 4256 hunc
442 4209 587 4256 tractatum
611 4206 641 4255 in
665 4205 748 4256 codiee
772 4203 918 4256 Melliccnci
943 4205 965 4268 f.
992 4206 1033 4259 11.
1061 4203 1193 4270 descripto
1218 4212 1290 4259 eunt.

176 4278 203 4342 2)
222 4275 331 4341 Mysten
350 4279 447 4328 muscae
465 4275 504 4340 ΙΙ,
523 4277 566 4342 58,
595 4276 611 4330 l.
632 4276 649 4330 l.
668 4275 693 4339 Ι,
714 4291 744 4342 p.
763 4277 824 4330 359.
897 4277 924 4342 3)
945 4275 1002 4328 Hoc
1019 4279 1123 4327 mnium
1141 4277 1171 4327 in
1187 4291 1237 4330 rec.
1257 4276 1289 4330 Β.

175 4347 200 4398 C
211 4350 234 4401 1.
253 4350 279 4402 2.
298 4348 325 4398 D
344 4348 471 4400 cronicae
488 4347 607 4400 Minoris
625 4348 731 4413 legitur.
