3186 4844
305 436 472 493 ORONIOA
491 435 518 492 S.
532 435 650 491 PETRI
666 435 929 492 ERFORDENSIS
947 435 1143 493 MODERNA.
1234 441 1284 494 137

170 619 344 685 maioribus
381 625 525 700 eucerpta
562 619 614 683 nis
645 619 867 702 praecedunt¹,
906 619 1007 684 edidit
1042 619 1127 684 inter
1164 619 1285 684 Rerum

174 709 280 774 Germ
306 708 366 774 SS.
392 705 621 787 (Francosurti
639 706 740 789 1599)
765 714 785 772 t.
803 708 832 788 I,
851 728 887 788 p.
904 713 1110 784 253-264;
1135 729 1215 789 quae
1238 729 1284 772 re-

166 797 265 879 petita
288 805 363 862 sunt
384 797 419 862 in
444 796 538 861 luins
553 796 741 862 collectionis
755 796 891 862 editione
913 796 1007 861 tertia
1030 803 1160 862 eiurante
1178 796 1220 861 B.
1242 796 1282 862 G.

170 885 298 952 Struoio
322 883 533 962 (Ratislonae
560 884 660 967 1726)
684 885 714 965 Ι,
737 907 772 966 p.
791 890 989 950 425-499.

29 1030 34 1047 ,
148 996 161 1036 s
275 976 321 1040 H.
340 975 468 1040 Scledel
490 973 527 1038 in
550 973 701 1054 excerptis
723 973 863 1039 codicum
886 969 967 1036 2⁸·¹’
994 973 1122 1054 studuit,
1146 981 1181 1038 ut
1202 975 1284 1040 locos

168 1065 212 1128 ad
239 1085 292 1128 res
323 1062 540 1145 Tlocrinpicos
569 1085 606 1128 ac
630 1062 821 1143 praesertim
850 1062 1064 1141 Erfordenses
1089 1063 1284 1144 pertinentes

169 1151 339 1234 colliperet,
370 1154 425 1217 sed
458 1151 552 1217 ctiam
586 1151 668 1216 locos
698 1151 878 1230 mirabilia,
909 1151 1056 1232 fabellas,
1088 1151 1284 1216 calamitates

168 1241 310 1306 aliarum
339 1247 497 1305 terrarum
526 1241 685 1305 tradentes
713 1239 835 1321 recepit,
867 1261 964 1322 neque
991 1246 1096 1305 tamen
1119 1239 1284 1305 cursilium

167 1331 325 1410 quoddam
349 1334 528 1394 constanter
549 1335 671 1393 secutus
692 1328 818 1392 uidetur
839 1349 913 1393 esse.
960 1328 1117 1410 Pleraque
1147 1331 1191 1394 ad
1218 1349 1283 1394 uer·

136 1420 240 1483 ulum
263 1417 436 1500 descripsit,
460 1418 516 1482 sed
536 1417 632 1482 etiam
655 1418 791 1482 locorum
813 1417 1039 1499 exscriptorum
1060 1439 1152 1499 saepe
1173 1418 1281 1498 multa,

162 1507 354 1588 praesentim
383 1506 451 1571 dies
479 1526 587 1572 renum
615 1513 783 1588 pestorum,
815 1505 920 1570 omisit
946 1513 975 1570 et
997 1506 1163 1571 manandi
1186 1527 1284 1571 causa

168 1596 324 1661 nonnulla
351 1596 446 1660 cerba
474 1594 627 1661 Orouicae
649 1594 835 1659 immutavit.
881 1594 986 1660 Pauci
1008 1595 1076 1676 loci,
1100 1594 1155 1676 qui
1178 1595 1214 1659 in
1238 1589 1278 1658 2¹³

168 1684 323 1766 lepnntur,
346 1684 383 1749 in
399 1689 440 1746 2α
460 1683 568 1748 omissi
590 1684 639 1748 oel
652 1683 756 1766 inopis
778 1683 912 1748 meolati
929 1687 1033 1764 sunu,
1058 1685 1113 1749 sed
1127 1689 1168 1748 2ιι
1187 1684 1283 1748 multo

23 1817 24 1820 ,
162 1773 311 1855 plurilm
333 1771 409 1837 locis
431 1793 526 1853 quam
550 1767 590 1835 2¹³
616 1793 724 1838 oerum
747 1771 906 1837 lectionem
928 1773 1088 1855 praelet³.
1139 1773 1225 1854 Quae
1248 1771 1283 1836 lu·

23 1925 24 1948 ,
137 1883 160 1924 n
168 1861 288 1927 codices
305 1863 481 1943 praebeant
502 1861 550 1926 uel
564 1881 644 1942 quae
667 1860 704 1925 in
726 1860 770 1925 iis
792 1860 909 1926 omissa
930 1861 1004 1942 siut,
1029 1861 1204 1940 rorissim,
1229 1863 1284 1926 scd

23 1949 24 1952 ’
168 1971 274 2015 eorum
298 1949 442 2016 lectiones
463 1949 574 2014 uarias
596 1949 664 2028 fere
687 1969 801 2030 omnes,
819 1955 950 2030 praeter
972 1971 1026 2016 eas
1048 1971 1128 2032 quae
1151 1952 1283 2015 adrem

168 2039 442 2121 ortliopraplcioam
457 2044 596 2120 spectant
611 2044 639 2102 et
654 2040 809 2119 cumdum
824 2041 939 2103 menda
954 2039 1097 2120 Pistoric',
1121 2037 1281 2104 adnotavi.

280 2127 388 2192 (lodici
416 2134 431 2191 1
461 2127 553 2208 etei,
584 2148 673 2208 quern
703 2127 749 2191 H.
775 2127 904 2192 Scledel
932 2126 970 2191 in
1000 2122 1080 2191 2⁸³¹
1108 2127 1281 2210 suscripsit,

163 2214 346 2297 proximum
369 2215 469 2295 fuisse
491 2217 644 2296 apparet4
666 2215 761 2280 etiam
782 2216 874 2279 illum
897 2215 1021 2281 ‘librum
1050 2216 1185 2298 spissum
1207 2223 1283 2282 oete·

21 2372 23 2386 ,
137 2325 234 2370 sorem
256 2304 402 2370 cronicae
424 2304 549 2369 Montis
573 2304 607 2369 S.
624 2303 714 2368 Petri
736 2304 923 2385 Erffordie',
949 2326 987 2370 eu
1009 2325 1069 2387 quo
1091 2305 1173 2370 idem
1193 2306 1282 2371 Soloe-

169 2393 218 2458 del
240 2400 395 2476 encerpta'
412 2392 596 2458 meomsima
619 2392 800 2458 Annalium
823 2393 996 2475 Lamperti,
1022 2395 1055 2458 S.
1074 2393 1163 2459 Petri
1185 2394 1281 2459 maio·

168 2501 248 2563 mim,
277 2481 432 2547 Grouicae
449 2483 481 2548 S.
499 2481 590 2546 Petri
612 2503 643 2545 a.
660 2479 780 2564 (1079).
801 2488 1034 2547 1103-1184.
1058 2483 1223 2564 suscripsit
1244 2483 1281 2549 in

275 2573 333 2650 2⁰)
373 2569 475 2635 codice
521 2569 720 2635 bibliothecae
757 2571 864 2653 repiae
901 2571 1168 2637 Monacensis
1205 2573 1279 2638 Lot.

168 2683 218 2725 nr.
236 2665 311 2725 901.
335 2659 360 2738 f.
378 2664 453 2723 245.
477 2659 640 2724 etiterum
662 2658 699 2724 iu
716 2657 773 2743 2⁰⁰)
798 2659 900 2724 codice
922 2659 1058 2725 eiusdem
1081 2659 1281 2726 bibliothocae

136 2749 232 2814 niam
248 2769 347 2831 supro
363 2748 445 2814 dicto
459 2744 527 2832 (2⁸)
543 2768 594 2812 ur.
611 2753 685 2828 593,
709 2748 735 2828 f.
756 2753 954 2830 113-114‘,
979 2770 1059 2830 quae
1074 2769 1113 2814 eu
1128 2749 1178 2813 tus
1196 2749 1281 2816 edidi

169 2837 333 2920 lamperti
347 2857 441 2919 opera
459 2858 493 2918 p.
507 2851 583 2902 LIII
593 2857 639 2918 sq.
671 2837 697 2900 I
697 2837 774 2901 llum
788 2837 924 2918 spissum
938 2837 1061 2918 librum,
1085 2859 1175 2920 quem
1192 2839 1281 2904 Scle-

169 2927 216 2990 del
245 2932 377 2991 octemm
405 2932 434 2990 ct
463 2925 527 2991 ulio
557 2925 643 2990 loco⁵
671 2926 837 3008 antiquum
866 2926 956 3008 dicit,
986 2949 1075 3009 quern
1099 2928 1198 3010 plane
1220 2926 1282 2993 dis·

169 3014 263 3080 nour
296 3035 317 3080 a
352 3013 454 3079 codice
486 3013 523 3079 iu
557 3019 598 3078 2⁸
634 3014 818 3098 eusanpto⁶,
856 3015 893 3080 in
930 3015 1120 3081 monasterio
1157 3016 1282 3082 Montis

170 3105 202 3168 S.
218 3103 309 3169 Petri
332 3102 432 3183 fuisse
454 3101 615 3184 suipsius
637 3104 739 3169 cerlis
762 3110 873 3187 patere
896 3105 1027 3185 ridetur,
1055 3107 1138 3170 unde
1161 3103 1281 3171 conicio

136 3193 250 3258 nlunc
264 3191 366 3272 fuisse
381 3192 524 3272 codicem,
543 3213 633 3273 quem
647 3193 879 3274 suscripserunt
894 3193 1050 3259 Nicolaum
1064 3195 1101 3258 de
1118 3194 1231 3276 Siepen
1253 3200 1282 3258 et

170 3351 195 3416 1)
208 3351 280 3414 Quae
297 3355 420 3417 camptu
438 3349 572 3401 Pistorius
596 3347 760 3402 Additiones
786 3348 821 3402 sd
845 3349 1024 3403 Lsmbedum
1043 3347 1282 3418 schafnaburgen-

169 3435 224 3473 sem
242 3422 389 3487 inscripsit.
420 3421 486 3471 Cum
505 3423 535 3470 in
553 3421 703 3472 Annalium
722 3419 749 3475 S.
763 3420 838 3474 Petri
853 3429 877 3474 et
896 3422 975 3476 Grau.
994 3422 1135 3473 medanae
1152 3423 1282 3489 excerptis

169 3491 295 3544 Scledelii
322 3506 516 3557 nonuunquam
539 3491 626 3542 codem
652 3491 806 3559 lepercntur,
829 3493 962 3546 Pistorius
985 3493 1049 3544 naec
1072 3494 1211 3544 coniunxit
1233 3499 1281 3544 aut

168 3563 328 3614 cumarum
348 3563 430 3614 murm
448 3577 538 3613 eorum
557 3564 653 3615 anisii.
690 3563 730 3616 De
747 3563 848 3616 dnobirs
867 3565 929 3616 locis
947 3563 1075 3615 Cromnae
1086 3563 1280 3617 Rcinliordslr.

21 3629 22 3646 ²
127 3639 152 3679 so
167 3635 196 3684 in
216 3633 332 3686 Pistorii
354 3633 464 3685 editum
488 3634 634 3684 wuiunctr's
657 3649 716 3684 mem
740 3636 803 3687 loces
826 3634 976 3686 Annalium
1001 3635 1028 3687 S.
1049 3633 1125 3688 Petri
1147 3637 1280 3688 maiorum

168 3705 223 3755 cide
234 3720 321 3772 supro
335 3721 365 3771 p.
378 3706 421 3769 59,
441 3720 468 3758 u.
481 3719 504 3756 a.
524 3705 567 3768 60,
585 3703 658 3772 n.*;
679 3705 722 3759 ‘N.
736 3706 850 3758 Archio'
862 3704 944 3770 XXI,
959 3724 988 3773 p.
1001 3708 1063 3771 249,
1082 3720 1109 3759 u.
1123 3707 1149 3760 ὃ.
1168 3708 1220 3762 510
1232 3723 1279 3774 sp,

168 3791 193 3829 n.
212 3777 237 3830 3.
319 3776 347 3841 2)
374 3775 407 3826 Ut
431 3777 749 3832 α.1250.1267.1270.
839 3778 866 3842 3)
890 3775 1048 3845 Plerumque
1065 3776 1200 3830 Pistoriae
1223 3794 1281 3829 cam

168 3848 316 3912 corrupisse
327 3846 439 3910 ridetur,
457 3851 488 3896 ut
506 3861 531 3899 a.
547 3848 624 3902 1275.
643 3845 759 3898 fratrum
771 3845 912 3900 Minorum
925 3850 954 3899 iu
967 3847 1182 3915 frumentorum
1203 3850 1279 3903 1291.

168 3915 337 3970 Soocilmm
355 3919 385 3967 in
397 3919 594 3985 mercatorum,
614 3920 683 3973 1309
693 3917 784 3986 (1308)
803 3917 956 3971 Iohannem
969 3922 998 3970 iu
1010 3917 1096 3987 Item,
1118 3922 1194 3974 1335.
1214 3918 1281 3971 adu-

135 3991 246 4040 ionalus
263 3989 294 4038 in
313 3985 467 4054 adveniens,
486 3993 529 4041 eto.
584 3989 612 4056 4)
633 3989 698 4040 Cum
716 3991 796 4040 ctiam
814 3993 844 4040 iu
868 3991 914 4042 hoc
938 3997 1000 4042 nota
1017 3991 1068 4042 iila
1093 4007 1118 4044 a.
1139 3993 1216 4046 1392,
1235 4007 1281 4043 eu-

167 4061 256 4112 titem't.
294 4059 337 4122 Cf.
356 4059 399 4112 ‘N.
419 4058 532 4110 Arclic'
551 4057 633 4122 XIX,
655 4075 686 4125 p.
706 4062 757 4114 156
775 4077 813 4126 sq.
875 4061 1279 4128 5)Lampcr·tioperap.1.1t.

167 4131 193 4198 6)
212 4131 338 4182 Attanum
361 4144 415 4181 urio
437 4129 489 4182 loco
514 4131 585 4184 Anu.
611 4129 639 4181 S.
659 4129 735 4182 Petri
757 4133 890 4184 maiorum
915 4139 1037 4200 aucupto
1063 4133 1135 4186 codd.
1160 4136 1211 4187 2⁰.
1236 4135 1281 4186 20⁰

166 4217 224 4253 cum
252 4201 356 4253 lectiam
382 4200 455 4264 salso
481 4200 552 4254 codd.
578 4197 654 4255 2⁹¹¹
686 4203 803 4253 convenit
827 4203 979 4270 (Lamperti
1001 4219 1040 4270 op.
1064 4221 1092 4270 p.
1112 4221 1179 4270 ortt,
1204 4219 1231 4258 n.
1249 4219 1280 4265 ος

167 4287 251 4341 snpra
265 4290 295 4341 p.
308 4275 351 4336 55,
369 4286 397 4326 u.
410 4275 449 4340 g).
486 4271 538 4323 Sed
555 4277 610 4324 tam
628 4275 727 4340 culpem
745 4278 808 4324 sum
825 4273 887 4324 haec
904 4279 1033 4341 rumpia,
1059 4280 1089 4325 ut
1106 4289 1161 4326 uon
1178 4276 1280 4327 diiudi-

134 4346 226 4395 ucari
240 4345 334 4412 possit,
352 4343 481 4409 munatio
499 4344 588 4409 codic,
607 4361 640 4397 erc
658 4360 710 4412 prro
728 4343 836 4396 Scliedel
852 4361 883 4396 ea
904 4345 1050 4412 descripsit,
1068 4346 1204 4398 minuent
1221 4361 1280 4397 cum

166 4417 299 4481 proximis
316 4413 408 4467 sibiet
426 4415 688 4468 imscadtuous
707 4417 721 4470 1
741 4423 764 4468 et
782 4412 870 4471 2⁸4³.
