3222 4850
295 384 462 442 ORONIOA
475 385 503 442 S.
513 384 630 440 PETRI
641 383 901 441 DRFORDENSIS
913 385 1003 443 MOD.
1022 387 1146 444 Α.1273.
1158 391 1234 444 1274.
1270 389 1323 444 263

311 569 414 632 Anno
445 567 585 632 Domini
615 566 880 632 MOOLXXIII.
928 568 1093 634 Consules
1123 573 1158 634 et
1192 569 1322 634 iudices
1333 575 1409 630 1273.

203 657 363 722 Driordie
394 677 473 722 cum
496 657 721 721 universitate
745 657 989 740 confregerunt
1013 658 1152 722 domum
1175 659 1322 722 fratrum

202 747 527 830 Augustinensium,
559 745 643 809 ‘non
674 745 915 829 permittentes
945 747 1037 830 ipsos
1071 746 1129 810 in⁸
1162 747 1416 817 Driordia‘rrao.

202 837 362 900 habitare
373 835 393 896 ¹.
496 834 625 898 Eodem
649 855 739 898 anno
762 835 799 896 in
822 837 967 919 captura
988 835 1136 900 allecum
1159 857 1263 901 naves
1285 838 1323 899 in

168 925 289 988 amari
313 923 460 1008 plurime
484 923 657 988 submerse
681 927 772 987 sunt.
881 923 1010 989 Eodem
1038 945 1129 988 anno
1151 925 1322 1008 principes

202 1013 383 1078 convocati
405 1012 443 1074 in
458 1011 698 1076 E'ranlrenvurt
721 1012 764 1076 ad
780 1012 984 1077 electionem
1007 1013 1087 1077 novi
1109 1014 1209 1096 regie,
1233 1014 1322 1078 vide-

201 1102 286 1166 licet
315 1101 571 1184 Mogontinusi,
601 1098 846 1178 Coloniensis³,
877 1101 1123 1176 Treverensis⁴,
1147 1101 1322 1185 palatinus

200 1189 322 1266 Reni⁵,
363 1190 433 1252 dux
471 1189 638 1253 saxonici
672 1192 707 1253 et
745 1190 898 1254 marchio
936 1191 979 1255 de
1017 1189 1320 1267 Brendenburchl,

201 1299 320 1343 omnen
342 1278 499 1342 unanimi
522 1297 690 1342 consensu
713 1277 893 1360 elegerunt
915 1278 1018 1342 simul
1034 1280 1131 1361 quasi
1153 1301 1224 1344 una
1238 1300 1320 1344 voce

163 1389 192 1429 ιο
201 1368 419 1432 concorditer
447 1367 485 1428 in
516 1367 573 1430 dio
602 1367 714 1430 sancti
739 1367 889 1451 Remigii
919 1367 1092 1451 episcopi⁸
1114 1371 1233 1432 sancto
1256 1369 1320 1451 spi·
1330 1397 1374 1436 oa.
1386 1399 1404 1440 1.

200 1457 272 1520 ritu
302 1456 494 1540 inspirante
524 1454 685 1519 comitem
715 1455 939 1537 Rudolphum
974 1457 1105 1521 dictum
1140 1457 1182 1521 de
1215 1457 1319 1521 Habi-

201 1537 414 1610 chesburchb
447 1544 485 1606 in
518 1544 750 1608 Romanorum
785 1564 909 1626 regem,
945 1544 1027 1610 licet
1062 1546 1248 1622 absentem,
1283 1546 1319 1608 in

200 1633 340 1698 nomine
375 1632 516 1697 Domini
550 1632 764 1714 elegerunt0.
817 1633 943 1698 Postea
976 1633 1013 1696 in
1047 1634 1151 1710 brevi,
1187 1635 1320 1699 scilicet

200 1722 265 1786 IX.
296 1722 375 1786 Kal.
407 1721 620 1796 Novembris,
655 1720 747 1785 idem
781 1721 854 1805 ipse
889 1721 1019 1787 electus
1048 1723 1254 1806 Rudolphus
1283 1725 1413 1795 innan.

164 1835 191 1874 ιι
199 1811 432 1874 Romanorum
463 1831 578 1892 regem
601 1809 809 1894 Aquisgrani
839 1810 876 1873 in
905 1811 1032 1875 throno
1055 1811 1177 1876 Karoli
1199 1812 1320 1895 Magni

198 1899 291 1982 regis
326 1920 346 1962 a
377 1898 573 1964 Coloniensi
604 1899 860 1983 archiepiscopo
890 1898 1093 1982 Engilberto
1123 1921 1202 1965 cum
1254 1902 1319 1964 rin-

200 1989 315 2072 cipnm
355 2007 394 2052 ac
425 1987 573 2050 maxima
605 1986 775 2051 nobilium
810 1987 1034 2053 multitudine
1067 1989 1216 2074 gloriosa
1267 1994 1320 2055 est

199 2081 327 2141 unctus
361 2079 397 2140 et
431 2075 631 2141 solemniter
665 2080 858 2140 coronatus.
915 2076 1031 2160 Usque
1065 2078 1110 2141 ad
1144 2079 1237 2144 hunc
1271 2101 1318 2144 re·

199 2186 277 2249 gem
316 2165 540 2248 Rudolphum
580 2168 745 2247 tanquam
787 2164 951 2229 oblivioni
994 2166 1163 2230 traditum
1199 2168 1319 2231 Roma·

162 2275 325 2318 sonorum
347 2273 491 2336 regnum
514 2254 622 2317 iacuit
646 2253 774 2336 absque
796 2255 1002 2337 imperatore
1030 2257 1065 2319 et
1088 2256 1215 2338 absque
1238 2277 1318 2340 rege

199 2342 455 2407 confusibiliter
491 2363 553 2426 per
589 2341 698 2405 XXII
736 2362 858 2418 annos,
897 2342 1016 2407 multis
1055 2344 1157 2408 bellis
1198 2366 1219 2408 a
1255 2344 1318 2409 sol-

199 2432 290 2496 dano
315 2435 351 2496 et
374 2430 530 2494 hostibus
553 2431 635 2496 fidei
658 2434 703 2508 et,
727 2431 820 2514 quod
841 2432 978 2515 turpius
1001 2435 1087 2508 est⁰,
1112 2453 1133 2496 a
1156 2431 1318 2497 Christia-

197 2521 252 2584 nis
275 2525 348 2584 tam
372 2519 583 2602 principibus
614 2540 717 2602 quam
747 2519 920 2583 nobilibus
943 2521 1104 2602 gravibus
1128 2521 1316 2598 discordiis,

198 2609 326 2692 spoliis,
350 2608 528 2686 incendiis,
553 2607 756 2684 homicidiis,
780 2609 996 2673 monasteriis
1020 2613 1055 2673 et
1078 2608 1230 2674 ecclesiis
1253 2609 1317 2674 dis·

161 2699 329 2782 casipatis,
352 2696 427 2762 Deo
450 2697 673 2780 permittente
688 2697 851 2761 atrociter
869 2696 1068 2774 laceratum,
1092 2699 1189 2761 iuxta
1209 2698 1315 2762 illud:

198 2784 244 2850 In
259 2783 368 2850 diebus
385 2783 452 2849 iliis
466 2805 531 2849 non
545 2791 615 2849 erat
628 2804 686 2849 rea
703 2783 741 2848 ia
755 2784 891 2866 Israhel,
915 2787 972 2850 sed
991 2785 1214 2868 unusquisque,
1235 2789 1415 2869 quodnam,
1423 2813 1457 2853 24.

197 2873 262 2938 siti
284 2879 402 2938 rectum
423 2871 596 2954 uidebatur,
621 2873 677 2938 hoc
699 2872 847 2952 faciebat.

305 2963 408 3026 Anno
431 2963 572 3027 Domini
595 2956 902 3027 MOOLXXHHJ
936 2964 1129 3048 Imperator
1153 2963 1315 3029 Constan·
1326 2973 1404 3027 1274.

196 3052 472 3135 tinopolitanus⁸
498 3051 716 3116 Baldewinus
739 3052 904 3134 quosdam
927 3053 1060 3118 nobiles
1080 3054 1151 3116 VII
1173 3074 1316 3119 numero

161 3141 406 3211 soinvitaverat
430 3161 545 3206 secum
569 3141 612 3204 ad
636 3159 789 3204 mensam
819 3160 915 3204 suam
939 3141 1128 3206 liberaliter
1151 3143 1195 3205 ad
1219 3165 1316 3226 pran-

93 3229 387 3310 amoliendum&
423 3229 482 3294 sed
519 3221 627 3293 *hech
664 3233 804 3292 extraria
835 3223 966 3309 paudii¹
1008 3230 1108 3294 luctus
1144 3230 1315 3312 occupavit.
1329 3245 1391 3286 aa.
1400 3247 1432 3296 u,
1441 3247 1474 3287 1³-

196 3317 289 3382 Nam
317 3317 355 3381 in
384 3318 459 3401 ipso
488 3310 629 3382 eodemlt
655 3317 800 3400 prandio
830 3318 966 3400 prefato
994 3319 1181 3383 reverando
1211 3324 1315 3402 atque

197 3406 370 3472 catholico
394 3399 447 3471 et¹
477 3404 665 3470 christiano
687 3406 886 3489 imperatori
910 3407 1144 3471 acutissimum
1168 3428 1207 3472 ac
1231 3429 1315 3473 mor

196 3581 264 3628 nate
278 3581 297 3622 1.
308 3579 336 3626 V,-
350 3579 400 3622 hnb.
413 3580 438 3618 in
452 3578 507 3621 Μ.
522 3579 548 3621 R.
589 3576 612 3627 t)
626 3577 766 3617 liabisburoh
782 3579 806 3628 13
821 3577 1050 3628 ilchichssburglil.
1090 3577 1155 3629 c)sic
1169 3581 1245 3620 iteum
1261 3581 1315 3624 LB.

160 3630 222 3684 ³⁶⁶)
241 3633 273 3672 eie
291 3635 310 3675 1.
324 3633 357 3680 B,-
377 3633 405 3679 cs.
424 3633 486 3679 intro
503 3643 529 3681 p.
545 3631 591 3681 27³,
613 3631 627 3673 l.
642 3631 676 3671 80.
761 3635 782 3680 c)
802 3637 837 3671 est
850 3653 877 3662 -
891 3629 1007 3672 discordiis
1026 3643 1067 3675 om.
1081 3635 1101 3682 1,
1123 3643 1150 3672 ea·
1169 3634 1190 3672 B
1209 3635 1315 3683 suppletu.

196 3687 256 3736 oh.
270 3685 465 3725 hocconxxim
479 3686 504 3728 Ε.
546 3683 568 3734 ε)
583 3684 671 3724 nominc
686 3685 737 3728 add.
750 3685 777 3725 Ε.
793 3685 879 3725 Lem.
920 3687 944 3736 h)
958 3697 999 3728 om.
1013 3685 1045 3734 R,-
1060 3691 1116 3729 extr.
1130 3685 1172 3726 hec
1185 3687 1211 3730 Ε.
1255 3688 1271 3736 l)
1284 3689 1315 3728 cic

196 3739 224 3780 Ε.
239 3739 273 3787 123
286 3739 369 3790 gaudia
383 3741 402 3781 i.
455 3737 479 3790 k)
493 3749 534 3782 orn.
549 3737 575 3777 Ε.
630 3737 725 3786 bachi.

195 3879 217 3915 e.
235 3864 297 3928 219,
324 3863 373 3918 SS.
391 3861 486 3928 XXV,
508 3879 538 3930 p.
558 3865 619 3928 707,
645 3862 682 3913 ad
707 3877 732 3916 a.
753 3863 837 3928 12713
863 3862 943 3917 Crun.
962 3862 1080 3916 Minoris
1101 3863 1173 3916 soar.
1190 3863 1252 3919 VII.
1279 3867 1316 3917 ad

196 3951 221 3987 a.
237 3937 316 3998 1270,
335 3935 383 3988 SS.
396 3933 490 4000 XXX,
514 3951 544 4000 p.
557 3936 617 3990 719.
636 3937 660 3985 et
678 3933 765 3997 infra.
837 3934 864 4000 1)
884 3932 927 3999 Cf.
945 3940 1048 3986 canam
1067 3934 1209 3987 Wemhm
1225 3936 1315 3988 arcer-

157 4007 310 4074 soept'ewpi
334 4003 491 4072 Moyuntini
514 4005 541 4056 d.
559 4004 584 4058 d.
605 4005 683 4058 1274.
710 4003 763 4056 Oct.
783 4005 825 4069 15,
850 4004 943 4070 Beyer,
963 4005 1033 4060 ‘UB.
1052 4007 1077 4060 d.
1097 4006 1136 4061 st.
1155 4006 1272 4071 Erfun'
1291 4006 1314 4073 I,

191 4093 221 4144 p.
248 4079 300 4132 170
317 4091 370 4144 sq,
397 4093 441 4128 nr.
462 4078 531 4144 271;
563 4075 626 4142 Ray.
654 4075 728 4129 arch.
757 4075 879 4141 Maponi.
908 4075 951 4140 II,
978 4092 1008 4143 p.
1033 4079 1086 4132 390
1107 4093 1159 4144 sq,
1186 4093 1229 4132 nr.
1253 4081 1313 4134 340.

195 4151 224 4216 2)
252 4147 421 4202 Wemtems.
494 4149 521 4213 3)
540 4145 774 4214 ancelbertum.
852 4147 880 4212 4)
896 4147 1041 4199 Heinrrbue
1059 4148 1109 4203 IV.
1180 4151 1208 4216 5)
1226 4149 1315 4201 laido-

195 4223 276 4271 wr'cue
294 4219 334 4270 II.
361 4219 420 4270 duc
438 4218 590 4272 Bowariuc.
672 4219 700 4281 6)
716 4217 843 4269 Alterius
860 4217 899 4271 ΙΙ.
982 4217 1009 4288 7)
1028 4217 1122 4272 Potius
1140 4220 1313 4288 marchiones,

193 4306 307 4359 quorum
325 4293 414 4341 maior
432 4294 490 4340 erat
508 4289 641 4341 Iohannes
658 4289 697 4343 ΙΙ.
768 4289 796 4355 8)
814 4287 909 4340 Potius
926 4289 995 4356 Sept
1013 4291 1056 4346 29.
1129 4291 1158 4359 9)
1175 4291 1315 4358 Nusquam

156 4361 340 4429 roqur’dquum
359 4361 425 4412 certi
440 4361 472 4412 de
489 4360 560 4412 obitu
579 4361 713 4412 Baldm'ni
730 4361 825 4413 immi.
