3248 4856
355 391 408 444 714
585 385 777 442 cisonium
795 385 960 442 nssnoms
978 385 1174 442 APPENDIX
1191 387 1248 444 111.

248 615 271 652 μ
320 635 326 645 Ι
390 638 396 650 .
461 565 610 649 Hormisds
632 564 872 648 papaconstituit,
892 568 930 633 ut,
953 564 1053 633 siquis
1072 565 1255 648 celebraverit
1277 566 1395 648 musam,
1418 564 1474 649 nisi

354 655 434 764 pqrbqq
452 638 778 778 dldffiitldeddddeladddl
797 636 946 703 ordmstns,
966 635 1039 705 quod
1057 641 1092 690 ιιι
1109 641 1243 706 perpetuo
1263 654 1279 690 a
1297 653 1379 690 sacr-ss
1397 637 1475 690 ordr-

461 791 573 849 Sother
595 808 678 866 papa
700 791 874 859 constitnit,
906 791 991 866 quod
1013 790 1125 847 mulier
1151 807 1216 848 non
1239 790 1409 859 ordinetur,
1438 797 1474 848 st

272 882 381 943 acesi
404 881 548 938 ordinata
570 880 675 949 fuerit,
701 873 779 937 'non
802 880 912 955 recipit
934 883 1132 937 caracterem.
1484 903 1499 942 5

201 967 344 1017 successu.
460 955 611 1012 Deusdedit
634 974 707 1026 pepe
725 957 875 1024 constituit,
893 960 925 1010 ut
942 955 1120 1025 Symcniacus
1139 973 1193 1010 non
1213 957 1335 1010 celebret
1352 957 1475 1024 missam,

354 1035 383 1084 et
401 1028 475 1097 quod
492 1030 564 1084 servi
581 1028 724 1098 proprii
743 1033 771 1082 et
789 1027 926 1084 criminosi
946 1033 974 1081 et
992 1028 1074 1082 etism
1091 1027 1247 1082 meretrices
1265 1045 1393 1082 accusare
1410 1045 1474 1097 pos·

354 1105 418 1154 sunt
436 1099 621 1168 symoniacos.

234 1181 345 1232 suffoco.
461 1171 598 1226 Martinus
622 1188 694 1240 papa
711 1169 736 1227 Ι,
762 1170 910 1235 constituit,
936 1173 974 1236 ut,
1000 1170 1166 1239 quicumque
1190 1171 1400 1239 procuraverit
1421 1170 1475 1224 sibi

354 1242 444 1296 virilis
468 1241 613 1311 emputsri,
637 1243 747 1295 missam
772 1257 828 1294 non
853 1241 988 1312 celebret;
1014 1246 1042 1295 et
1067 1241 1216 1310 constitnit,
1242 1245 1282 1308 ut,
1308 1241 1476 1311 quicumque
1487 1260 1513 1298 ro

354 1314 428 1368 fecto
440 1315 485 1367 vel
498 1314 572 1368 dicto
591 1313 657 1366 aut*
675 1317 805 1382 precepto
824 1313 881 1366 sive
893 1312 1006 1367 consilio
1024 1312 1165 1367 homicidii
1183 1330 1244 1367 rsus
1263 1317 1311 1380 est,
1331 1313 1475 1367 missum

354 1403 422 1440 non
441 1386 614 1441 celebret.

233 1467 343 1516 anneus.
460 1455 607 1510 Zacharias
630 1473 703 1525 papa
728 1455 877 1522 coustituit,
902 1458 933 1507 ut
950 1453 1075 1509 sacerdos
1094 1458 1193 1508 stans
1212 1471 1274 1509 cum
1292 1455 1391 1510 baculo
1410 1456 1475 1508 uris·

354 1544 424 1580 sam
443 1544 498 1582 non
518 1528 652 1582 celebret
669 1544 721 1581 nec
739 1527 829 1580 relato
849 1526 946 1594 capite.

234 1609 344 1658 ιιμιιι.
460 1598 612 1653 celestinus
637 1615 709 1667 papa
734 1597 811 1653 Ili·
833 1596 982 1664 constituit,
1007 1602 1038 1650 ut
1059 1597 1150 1650 nullus
1168 1597 1236 1650 duos
1254 1613 1346 1652 sacros
1363 1597 1475 1651 ordines
1488 1616 1513 1655 rs

354 1704 409 1740 uno
428 1687 473 1741 die
491 1686 637 1756 recipiat³;
664 1691 692 1741 et
714 1687 862 1753 constituit,
887 1689 925 1739 ut
942 1685 1048 1755 bigami
1071 1703 1126 1740 non
1151 1686 1320 1742 ordinentur.
1357 1680 1475 1738 Lucius

355 1787 437 1845 pape
460 1771 603 1828 similiter
625 1770 685 1828 hoc
707 1771 811 1845 ipsum
834 1763 1001 1826 instituit⁴.

236 1858 347 1906 iupus.
462 1847 621 1901 Alexander
644 1864 716 1916 papa
734 1846 796 1900 ΠΜ
817 1845 965 1914 constituit,
991 1850 1029 1914 ut,
1054 1845 1077 1899 si
1102 1846 1243 1900 ordinatus
1262 1847 1341 1916 quis
1359 1863 1414 1900 non
1433 1852 1476 1900 est

355 1917 535 1987 baptizatus⁶,
555 1918 709 1986 baptizetur
727 1919 872 1972 etiterum
891 1916 1040 1972 ordinetur.

237 2001 346 2050 rupem
462 1989 616 2058 Stephanus
634 2007 705 2058 papa
723 1987 746 2044 Ι.
765 1988 912 2056 coustituit,
934 1993 971 2042 ut
992 1988 1020 2041 in
1039 1987 1197 2058 episcopum
1215 2005 1271 2042 nou
1289 1989 1407 2059 eligatur
1426 1990 1476 2043 ali·
1488 2008 1516 2046 ec

355 2059 423 2127 quis,
442 2061 495 2112 nisi
514 2061 556 2114 sd
573 2060 690 2114 minus
708 2060 743 2113 sit
760 2059 843 2113 XXX
863 2076 1005 2115 annorum.

237 2143 346 2191 suasos.
462 2129 557 2184 Sixtus
574 2149 647 2200 pape
665 2137 693 2184 et
710 2129 821 2184 Marcus
839 2147 911 2200 papa
929 2131 1176 2199 constituerunt,
1195 2135 1226 2184 ut
1244 2129 1396 2184 Hostiensis
1415 2133 1476 2201 epi·

276 2213 305 2260 't
312 2211 345 2256 sb.
355 2218 452 2270 scopus
470 2203 582 2272 *papam
602 2205 740 2256 consecret
758 2206 786 2255 et
804 2202 886 2270 pallio
905 2206 1006 2257 utatur.

236 2285 346 2336 supere.
461 2272 591 2327 Nicolaus
609 2289 681 2342 papa
698 2272 722 2328 I.
741 2273 888 2341 constituit,
907 2277 939 2325 ut
956 2273 1046 2326 nullus
1063 2272 1167 2327 iudicet
1186 2289 1295 2327 causam
1313 2291 1392 2344 pape,
1411 2275 1477 2329 sed

354 2362 426 2414 papa
444 2349 569 2413 potest
587 2343 727 2398 iudicare
745 2361 773 2397 se
791 2344 889 2412 ipsum,
907 2343 960 2396 nisi
978 2361 1050 2412 papa
1068 2347 1139 2398 esset
1156 2343 1251 2398 devius
1270 2363 1286 2399 a
1303 2344 1366 2398 fide.
1487 2359 1515 2401 as

236 2428 347 2476 sunm.
461 2416 612 2470 Anacletns
629 2432 701 2484 papa
720 2415 868 2482 coustituit,
887 2419 918 2468 ut
930 2415 1073 2484 episcopus
1085 2415 1201 2484 quilibet
1218 2433 1273 2471 non
1289 2415 1378 2469 minus
1390 2433 1474 2485 qnam

355 2487 496 2541 stribus⁰
514 2487 645 2556 episcopis
664 2486 813 2556 ordinetur,
832 2487 902 2540 siout
920 2485 1017 2542 babuit
1035 2504 1052 2540 a
1069 2491 1164 2542 sancto
1184 2486 1276 2541 Petro.

236 2569 345 2620 uncos.
461 2557 610 2612 Marcellus
621 2576 692 2629 pspa
703 2557 844 2618 constituit
856 2557 971 2626 primo
983 2557 1012 2611 in
1025 2559 1093 2612 urbe
1102 2557 1211 2613 Roma
1220 2557 1304 2612 XXV
1314 2559 1473 2614 cardinales.

237 2641 345 2690 inpuro.
460 2629 557 2700 Iginns
575 2647 647 2700 papa
665 2631 768 2683 clerum
788 2629 928 2682 constituit
947 2634 975 2682 et
993 2629 1093 2698 gradus
1111 2629 1258 2684 distribuit.

233 2713 343 2760 unum.
461 2701 606 2770 Dyonisius
617 2699 654 2757 Ι]
671 2701 799 2755 ecclesius
817 2700 931 2770 primo
950 2700 1109 2768 presbiteris
1121 2699 1260 2754 distribuit
1272 2705 1300 2754 et
1317 2701 1474 2770 parrochias
1485 2717 1513 2757 so
1605 2687 1606 2694 ἵ

354 2771 453 2828 divisit.

235 2855 347 2903 ιιμιιε.
460 2843 602 2898 Euaristus
626 2860 699 2912 papa
723 2844 751 2896 in
777 2841 845 2896 urbs
863 2841 953 2897 Rome
974 2841 1068 2896 titulos
1086 2842 1178 2896 divisit
1197 2842 1380 2897 cardinalibus
1398 2860 1472 2912 pres-

354 2913 449 2967 biteris
467 2919 496 2968 et
514 2913 688 2982 dyaconibus.

236 2996 345 3046 sunem.
460 2983 554 3038 Sixtus
579 3002 651 3054 papa
675 2983 759 3041 IIII.s
784 2983 935 3053 constituit,
960 2988 991 3038 ut
1015 2984 1106 3038 nullus
1133 2984 1248 3038 clericus
1274 2985 1302 3038 in
1329 2985 1472 3053 parrochia

354 3055 466 3110 alterius
483 3061 652 3125 presumeret
669 3055 792 3124 aliquid⁹
809 3055 939 3112 iudicare.
1482 3073 1510 3114 sc

235 3141 344 3192 snptss.
459 3127 538 3181 Felix
565 3145 636 3196 pape
663 3125 756 3180 Imus
787 3127 936 3194 coustituit,
968 3130 999 3180 ut
1029 3127 1228 3180 anniversarius
1259 3128 1472 3182 consecracionis

354 3199 527 3252 ecclesiarum
547 3203 575 3253 et
593 3199 782 3268 episcoporum
800 3199 878 3252 annis
896 3197 1010 3267 singulis
1028 3198 1217 3267 sollempniter
1234 3199 1395 3254 celebretur.

234 3285 345 3334 reposo.
460 3269 518 3324 Leo
542 3287 615 3340 papa
639 3268 691 3327 IX.
716 3269 866 3339 constituit,
892 3275 929 3323 ut
955 3269 1031 3322 iuxta
1054 3270 1181 3323 ecclesius
1204 3268 1272 3322 fiunt
1297 3271 1415 3324 claustra
1437 3269 1471 3324 sd

353 3341 525 3411 disciplinam
543 3341 712 3396 servandam.

234 3411 344 3488 ''beffi-
459 3410 595 3468 Iohannes
617 3430 688 3483 papa
707 3410 813 3465 VIIIus
841 3411 989 3477 constituit,
1014 3415 1045 3464 ut
1062 3411 1154 3465 nullus
1172 3411 1254 3465 iudex
1274 3412 1331 3466 'vel
1349 3413 1510 3468 comea¹⁰so

287 3465 603 3608 1160ἰιιΙιιιιιιιιιιιειιι
622 3484 759 3554 sanguinis
777 3483 806 3536 in
824 3483 937 3538 ecclesia
956 3483 1011 3538 vel
1030 3483 1132 3552 placita
1151 3483 1284 3538 secularia
1303 3483 1331 3536 in
1345 3484 1469 3539 domibus

354 3573 400 3608 ecc
413 3573 537 3610 esserum.

352 3741 375 3786 s)
389 3741 457 3779 const.
472 3736 512 3777 111.
526 3747 543 3778 c.

353 3879 380 3946 1)
404 3879 477 3930 Noto
495 3878 626 3930 lectionem
643 3877 739 3930 codicis
757 3877 805 3932 01
824 3893 911 3944 supro
932 3894 962 3944 p.
981 3880 1043 3944 583,
1062 3894 1089 3930 ιι.
1108 3893 1130 3932 c.
1204 3879 1231 3944 2)
1248 3877 1321 3930 Noto
1339 3879 1469 3931 buttem

351 3957 374 4002 et
392 3965 451 4002 cum
470 3949 515 4002 01
534 3949 732 4001 concordantem
755 3955 779 4002 et
803 3949 838 4000 ab
862 3965 889 4000 so
911 3948 1085 4016 differentem,
1110 3965 1198 4016 supro
1218 3967 1248 4017 p.
1267 3949 1328 4012 660,
1353 3966 1379 4003 ιι.
1400 3965 1424 4004 o.
1444 3965 1508 4017 pas

351 4025 380 4089 3)
400 4021 458 4073 Hoc
475 4019 543 4072 dem
560 4021 590 4070 ia
608 4035 657 4074 reo.
677 4025 710 4074 Δ.
783 4020 811 4088 4)
830 4018 894 4074 scu.
913 4022 944 4070 ιἰι
962 4025 1039 4074 Decr.
1058 4021 1137 4086 Grec.
1150 4019 1201 4076 IX.
1221 4020 1276 4084 Η,
1294 4023 1335 4076 tit.
1346 4022 1391 4086 21,
1410 4037 1431 4074 c.
1444 4023 1468 4075 ⁶2.

352 4093 428 4157 Quod
446 4093 475 4143 ia
495 4091 575 4144 Oron.
594 4090 770 4144 Minorem
789 4091 894 4158 lenitur.
966 4093 993 4158 5)
1022 4091 1064 4156 Os.
1086 4108 1116 4158 p.
1136 4093 1197 4156 663,
1222 4109 1250 4146 ιι.
1268 4090 1295 4146 b.
1369 4093 1396 4158 6)
1413 4091 1470 4143 Hoc

352 4164 403 4216 loco
422 4163 495 4214 lectio
512 4163 609 4216 codstis
628 4163 683 4228 01,
702 4177 789 4230 supro
804 4179 833 4230 p.
847 4164 908 4227 547,
926 4179 953 4217 ιι.
966 4179 991 4227 ιι,
1009 4178 1064 4216 noa
1082 4165 1194 4231 repetito
1207 4169 1251 4218 est.
1319 4163 1346 4228 7)
1360 4163 1469 4216 Ibimus

350 4235 394 4286 hic
419 4234 529 4299 dicitur,
560 4235 626 4300 quia
652 4235 706 4286 duo
732 4235 861 4298 Decidit
884 4249 971 4300 supra
996 4251 1024 4301 p.
1049 4235 1102 4290 555
1119 4250 1158 4301 sq.
1186 4234 1259 4299 falso
1284 4235 1371 4301 positi
1398 4240 1467 4288 ιιιιιι.

351 4307 379 4370 8)
396 4305 451 4360 ΙΙΙ.
466 4307 570 4372 potitam
588 4306 623 4369 ef.
641 4320 727 4371 aspro
741 4321 771 4372 p.
784 4307 845 4369 713,
863 4321 890 4360 ιι.
903 4307 928 4359 2.
989 4307 1016 4366 9)
1036 4305 1078 4370 Of.
1094 4323 1123 4373 p.
1136 4308 1198 4371 573,
1216 4321 1243 4362 n.
1256 4322 1281 4372 y.
1341 4307 1385 4372 10)
1399 4306 1506 4358 Notoso

352 4376 482 4428 butenen
501 4377 596 4428 rodeis
615 4376 673 4441 01,
691 4391 777 4444 supra
791 4393 821 4444 p.
835 4378 895 4444 616,
915 4392 979 4433 aa.
