3200 4844
265 393 447 450 ANNALES
464 393 654 452 ERPHORD.
673 394 864 451 FRATRUM
882 394 1222 452 PRAEDIOATORUM.
1270 401 1305 454 73

184 585 246 658 tur,
270 579 355 658 qnod
373 577 409 641 V.
426 578 468 642 F.
485 579 523 642 de
542 577 696 643 &denus
717 578 754 642 in
773 579 913 658 catalano
935 599 992 644 crta
1012 579 1152 645 codicum
1167 580 1304 662 Manum

184 666 346 732 tinarum¹
377 666 493 732 librum
523 666 704 731 Annalium
731 667 1006 750 Erplrordensium
1036 689 1101 734 non
1128 689 1304 734 commemo-

183 755 314 834 raverit,
337 775 438 837 neque
460 761 565 820 tanren
588 762 710 820 constat
731 777 801 820 eum
817 777 924 821 onmes
946 755 1043 822 libros
1057 778 1157 822 manu
1171 757 1305 839 scriptos

183 843 387 909 bibliothecae
409 844 623 926 Moauntinae
645 844 856 927 descrnmisse,
884 851 913 910 et
935 845 1009 925 riori
1026 845 1139 928 potuit,
1163 851 1198 911 ut
1220 846 1305 912 hunc

162 933 309 1014 tlcbrmm,
334 953 373 998 eu
394 953 454 1014 qua
477 932 545 998 iam
566 933 604 997 in
626 939 706 998 tamo
723 933 833 1016 primo
860 933 986 1000 Codicis
1008 934 1136 1017 diplom.
1159 941 1304 1017 ecmrpta

182 1022 284 1086 mrdta
306 1021 457 1102 ediderat,
482 1021 556 1088 scite
579 1042 618 1086 oc
640 1023 779 1088 consulto
802 1021 962 1087 omitteret.

290 1111 368 1175 Iam
390 1116 486 1175 antea
509 1113 671 1176 α.1723.1
694 1111 764 1176 Ioh.
787 1111 901 1176 Fridr.
918 1111 1093 1193 Schannat,
1118 1111 1304 1178 Vindemiae

183 1199 349 1264 literariae
372 1199 406 1281 I,
431 1220 468 1281 p.
485 1205 648 1282 91-106,
679 1199 815 1265 annales
844 1223 874 1264 a.
895 1205 989 1264 1223.
1015 1199 1124 1282 (1220)
1145 1235 1188 1244 -
1208 1205 1303 1264 1254.

183 1287 305 1372 (1253).
338 1288 450 1369 edidit,
481 1308 558 1370 quos
586 1286 752 1371 inscripsit
779 1288 944 1372 Anonymi
975 1288 1158 1355 Ohronicon
1187 1290 1303 1368 Erfur-

151 1377 312 1458 1⁰dicnsef·
333 1377 370 1442 in
393 1377 507 1458 qutun
529 1377 637 1442 omnia
659 1378 727 1457 fere
750 1385 894 1460 excerpta
917 1400 938 1442 a
964 1379 1001 1443 V.
1020 1379 1062 1443 F.
1086 1379 1124 1443 de
1151 1377 1304 1444 &denus

184 1469 262 1532 dato
285 1465 495 1531 inveniuntur
510 1473 642 1548 praeter
663 1488 763 1531 unum
786 1467 886 1532 locum
908 1489 939 1531 a.
960 1472 1053 1548 1246,
1078 1466 1169 1532 acius
1199 1473 1303 1532 tamen

183 1555 315 1621 initium
343 1554 381 1620 in
412 1555 548 1620 editione
572 1554 751 1621 Schannati
780 1555 903 1638 lenitur.
950 1556 995 1620 In
1023 1577 1084 1638 quo
1113 1555 1217 1621 codice
1246 1556 1304 1622 hoa

184 1644 355 1710 chronicon
377 1643 542 1724 invenerit,
565 1643 619 1708 uir
639 1644 698 1709 iste
720 1664 777 1708 suo
799 1665 885 1709 more
907 1665 972 1708 non-
988 1643 1079 1720 aicit,
1104 1643 1193 1709 cuius
1208 1643 1303 1710 editio

183 1740 225 1797 tot
254 1733 414 1814 tantisque
442 1739 539 1798 scatet
571 1732 695 1797 onustis
728 1754 766 1798 aa
798 1739 842 1798 tot
874 1732 950 1798 locis
980 1733 1084 1798 uerbis
1114 1732 1303 1815 quibusdam

151 1821 319 1904 aonium,
336 1823 523 1903 pinumque
537 1821 663 1902 quidemr
679 1821 810 1902 monetis
827 1821 942 1902 positis
964 1821 1124 1902 indicatis,
1149 1843 1302 1887 nonnum·

183 1933 280 1992 quam
295 1931 361 1974 nan
376 1909 546 1991 adnotatis,
570 1911 683 1974 mutila
698 1911 775 1991 hiat,
799 1917 834 1974 ut
848 1911 969 1975 maiore
991 1910 1086 1976 etiam
1108 1909 1303 1992 neoleoentia

183 2021 247 2081 qua
270 1999 387 2064 solebat
409 2033 452 2044 —
475 2020 555 2081 quae
584 2021 662 2064 sane
688 1999 755 2062 iam
777 1999 919 2063 munima
948 2006 1018 2064 erat
1039 2035 1083 2044 -
1106 2001 1189 2065 hunc
1219 2000 1302 2065 libel·

184 2089 249 2153 lum
265 2087 533 2171 pretiosissimum
555 2094 706 2154 tractasse
728 2087 881 2153 uideatur.

293 2178 380 2242 Sane
394 2198 460 2242 non
474 2176 570 2256 facile
586 2177 763 2256 adduceris,
787 2183 823 2241 ut
837 2179 948 2242 credas
962 2177 1040 2241 duos
1055 2177 1174 2243 codices
1188 2179 1302 2242 borrcm

148 2266 355 2332 scamnalium
364 2265 538 2348 praeterito
552 2266 676 2330 saeculo
692 2265 839 2346 eatihsse,
851 2273 1017 2347 utrumque
1029 2265 1145 2330 librum
1153 2267 1300 2348 periisse.

186 2355 223 2421 Si
238 2355 339 2438 icitur
360 2355 398 2420 in
420 2353 555 2420 editione
572 2354 751 2420 Schannati
773 2357 868 2419 uerba
883 2356 1038 2436 quaedam
1061 2355 1179 2418 omisso
1194 2355 1303 2420 nudtis

184 2444 262 2510 locis
283 2444 454 2526 inueneris,
478 2464 555 2524 quos
577 2444 613 2506 V.
631 2444 672 2508 F.
690 2445 727 2508 de
747 2443 900 2508 &ideam
916 2441 1055 2524 intearos
1073 2449 1165 2524 atque
1185 2444 1303 2509 solidos

183 2533 292 2613 edidit,
316 2535 357 2598 ab
372 2531 496 2597 hornina
511 2533 647 2614 quodam
668 2531 812 2614 inmerito
835 2531 958 2613 leamrdi
981 2537 1073 2614 atque
1091 2531 1206 2614 tanaro
1222 2532 1303 2597 codi-

184 2643 249 2688 cem
279 2621 482 2687 bibliothecae
510 2620 642 2702 capituli
665 2619 853 2702 Monuntini
881 2620 918 2685 in
948 2621 1116 2702 exemplar,
1148 2623 1232 2702 quod
1259 2623 1305 2687 ad

147 2710 406 2777 mSchannatum
434 2709 565 2775 missum
594 2710 645 2791 sit,
669 2707 913 2791 transscmntum
941 2731 1006 2774 esse
1029 2709 1172 2776 canicies.
1219 2711 1303 2776 Inde

183 2799 309 2866 euenire
324 2799 438 2881 patrat,
468 2805 504 2863 ut
531 2799 616 2864 locus
638 2798 704 2862 iam
728 2797 829 2863 dictus
852 2797 933 2862 anni
958 2804 1053 2862 1246.
1078 2798 1301 2882 oniitter·etur³‚

183 2895 219 2954 at
241 2888 338 2954 etiam
360 2888 417 2952 sub
440 2909 471 2952 a.
492 2893 585 2952 1242.
613 2887 743 2952 initium
767 2893 889 2952 tanturn
912 2887 972 2954 loci
994 2889 1032 2952 de
1060 2888 1210 2953 Tartaris
1240 2889 1302 2955 Un-

181 2976 312 3059 qariam
333 2976 556 3042 invadentibus
585 2975 622 3040 in
651 2975 786 3041 editione
810 2976 989 3041 Schannati
1011 2977 1143 3058 leuatur,
1170 2976 1303 3059 reliquis

183 3065 319 3144 omissis,
342 3065 398 3130 ubi
419 3071 455 3130 ut
476 3065 541 3131 loco
561 3065 617 3128 illo
640 3064 722 3130 anni
741 3069 835 3129 1246.
859 3086 924 3130 non
945 3065 1121 3130 indicatum
1145 3073 1190 3130 est
1211 3087 1302 3147 quae·

146 3157 260 3222 rodam
290 3156 403 3219 deesse.
449 3154 553 3234 Atque
582 3153 646 3235 ipsi
670 3154 854 3219 Schannato
877 3155 983 3219 aditus
1012 3155 1057 3218 act
1086 3153 1302 3219 bibliothecam

184 3243 317 3326 capituli
345 3241 534 3324 Moauntini
563 3248 643 3308 certe
676 3263 743 3308 non
771 3242 878 3326 potuit
886 3244 907 3323 ⁴,
943 3243 998 3325 qui
1031 3242 1068 3306 in
1097 3242 1303 3324 pr·aefatione

183 3332 261 3398 torni
287 3332 320 3397 Ι.
355 3331 597 3397 Vindemiarum
631 3333 669 3397 de
700 3331 876 3413 necrolaqio
910 3331 1055 3398 ecclesiae
1090 3330 1303 3413 Moruntinae

185 3527 212 3591 1)
233 3525 320 3577 Cuius
341 3526 423 3591 prior
443 3539 514 3590 pars
532 3526 587 3588 (nr.
602 3523 736 3582 I-LIII)
759 3529 845 3576 eastat
863 3525 894 3574 in
913 3523 983 3574 libro
1001 3525 1058 3574 dns
1078 3525 1127 3589 qui
1143 3522 1304 3574 inscribitur

184 3596 290 3662 Sylloae
299 3596 323 3650 1.
336 3595 590 3663 diplomatariormm
602 3601 881 3661 monurncntormmqne
892 3601 1007 3646 veterum
1016 3594 1211 3658 (Promotum
1219 3593 1256 3645 ad
1263 3593 1302 3645 Μ.

146 3681 174 3720 st
185 3669 268 3730 1728)
288 3685 316 3736 ρ.
329 3669 494 3732 338-400,
520 3667 607 3718 altem
629 3681 699 3732 pars
723 3669 780 3732 (nr.
799 3665 843 3717 LI
846 3665 900 3716 V·-
909 3665 1058 3731 CXXVII)
1083 3668 1113 3716 in
1138 3667 1194 3718 eine
1213 3665 1303 3718 Codice

182 3740 294 3807 diplom.
314 3737 353 3804 II,
371 3755 401 3805 p.
415 3739 576 3792 564-633.
598 3738 702 3803 lenitur.
774 3739 802 3802 2)
824 3735 885 3788 Idea
907 3737 939 3791 V.
958 3737 989 3791 F.
1008 3737 1039 3790 de
1059 3737 1187 3789 Gadanus
1204 3739 1302 3804 (supra

180 3829 210 3879 p.
223 3812 273 3876 72)
290 3809 388 3862 diserta
406 3809 572 3862 adnotamsm
588 3809 694 3860 rmum
711 3824 737 3860 se
755 3809 809 3859 iam
829 3808 877 3859 hoc
894 3824 967 3860 anno
983 3808 1094 3860 codicem
1112 3808 1302 3874 Moaunttnum

183 3883 323 3946 invenisse,
349 3882 398 3947 aui
421 3882 541 3948 uumnois
564 3879 628 3931 aliis
653 3879 714 3932 locis
733 3879 883 3931 Schannati
904 3879 1058 3932 Vindemiae
1082 3879 1212 3944 attulerit,
1236 3895 1303 3931 nas-

183 3969 266 4020 quam
284 3953 405 4004 chronici
422 3951 609 4015 Erfordiemeis
627 3949 659 4001 ab
678 3966 706 4002 eo
724 3951 790 4002 editi
806 3953 962 4004 mentionem
979 3951 1050 4017 fecit,
1069 3951 1191 4018 prodais
1205 3951 1304 4016 procul

148 4025 265 4076 mdubio
283 4038 316 4074 oa
333 4025 416 4076 sciens
433 4024 533 4087 foetum
550 4022 620 4073 hunc
634 4027 818 4088 pmtmtosum
836 4021 940 4074 silentio
958 4027 1051 4089 mann.
1106 4022 1135 4089 3)
1154 4021 1205 4073 Sed
1222 4023 1302 4072 etiam

185 4098 240 4163 ipse
258 4094 397 4146 &hanuet
421 4093 492 4144 huna
518 4093 603 4144 lomim
627 4094 745 4144 omisisse
765 4097 858 4160 potest,
884 4095 911 4143 si
926 4093 1045 4156 forsitan
1063 4095 1119 4160 ipsi
1135 4093 1303 4160 displicuerit

184 4165 256 4232 arcad
272 4165 305 4217 de
323 4165 475 4218 Innocentio
493 4165 544 4218 IV.
567 4179 643 4232 papa
667 4163 707 4215 ibi
721 4165 829 4216 *dictum
854 4169 898 4218 est.
969 4163 999 4233 4)
1021 4163 1053 4218 V.
1072 4163 1105 4218 F.
1124 4163 1155 4215 de
1174 4163 1303 4216 Grrdenns

185 4240 215 4289 in
236 4237 412 4304 praefatione
430 4235 535 4288 Codicis
552 4235 616 4303 dipl.
638 4235 660 4300 Ι,
686 4252 730 4289 nr.
743 4235 807 4288 XV.
833 4235 897 4286 dicit
915 4235 1095 4288 bibliothecam
1114 4234 1302 4301 Moanntinam

184 4310 285 4360 cunam
298 4308 471 4376 pramlnsam
488 4307 590 4360 nunini
604 4309 731 4374 patuisse,
754 4307 833 4358 donec
850 4309 907 4373 ipre
924 4308 1042 4362 a.17·23.
1062 4306 1165 4357 aditum
1190 4305 1227 4356 ad
1244 4321 1302 4358 cam

150 4381 349 4447 &impetrem
