3266 4852
338 380 392 433 510
739 375 906 432 CRONIGA
924 375 1059 431 MINOR.

339 578 411 623 uero
441 557 553 623 naum
581 559 727 623 Annales
749 559 999 639 Erpiuordenses,
1031 580 1069 623 ea
1097 558 1211 640 quibus
1240 561 1280 624 ab
1309 583 1339 625 a.
1361 567 1453 626 1083.

338 648 493 729 quaedam
513 647 667 712 Oronicoe
688 645 833 711 inseruit.
868 648 972 728 Atque
986 668 1066 728 quae
1088 669 1127 712 en
1149 648 1200 712 itis
1222 648 1307 713 inter
1324 671 1354 714 a.
1372 657 1454 715 1086

338 742 480 800 -1099.
512 735 666 817 encernsit
691 757 760 801 cum
783 735 956 816 cuempiam
977 736 1158 800 Annalium
1180 738 1456 819 Moeuntinorum

346 824 655 907 Wiruiburyensium
691 824 728 888 in
761 823 903 889 (ironica
934 825 966 889 S.
999 824 1088 888 Petri
1124 825 1299 907 descripto1
1328 826 1456 910 ideoque

339 935 409 980 cum
438 915 499 980 isac
526 912 664 979 Oronica
690 913 887 978 conveniunt.
935 914 1028 978 inter
1056 935 1093 978 ea
1115 935 1232 994 pauca,
1263 937 1343 996 quae
1372 916 1478 981 intere

339 1025 370 1067 a.
390 1010 484 1067 1105.
510 1009 539 1068 et
561 1025 590 1068 a.
613 1008 705 1067 1197.
731 1023 769 1068 ec
791 1002 844 1066 iris
858 1009 982 1083 sumpta
1005 1002 1157 1083 canitae
1176 1004 1375 1084 paucissima
1390 1005 1456 1085 qut-

339 1093 409 1155 dem
431 1113 500 1156 cum
529 1090 667 1157 Oronica
691 1093 723 1156 S.
741 1090 832 1156 Petri
853 1093 1079 1172 quodammodo
1105 1091 1303 1173 conueniunt,
1327 1093 1457 1158 minime

339 1200 411 1244 aero
434 1201 472 1244 eu
494 1180 554 1244 itae
576 1181 734 1262 exscripto
750 1201 787 1246 ea
805 1201 871 1244 esse
886 1201 1000 1244 censeo.
1043 1180 1122 1243 Tum
1137 1200 1218 1261 quae
1241 1201 1279 1244 erc
1301 1181 1352 1246 iris
1374 1182 1458 1246 inter

340 1290 371 1333 a.
406 1273 637 1332 1219-1254.
674 1265 785 1351 (1255)
824 1268 978 1349 excerpsit
1008 1269 1160 1349 pleraque
1195 1290 1264 1334 urm
1303 1269 1457 1335 Oronicae

341 1357 375 1422 S.
388 1357 478 1422 Petri
494 1364 591 1439 parte
606 1357 658 1421 II.
683 1381 714 1422 a.
731 1363 824 1422 1276.
845 1356 1013 1438 conposita
1030 1357 1225 1440 conueniunt,
1249 1361 1333 1439 quad
1346 1358 1455 1439 euenit,
1467 1389 1492 1427 ιο

340 1467 410 1509 cum
432 1446 604 1511 monachus
619 1447 746 1510 Montis
763 1447 796 1510 S.
810 1446 900 1510 Petri
923 1447 1043 1510 eosdem
1065 1447 1200 1510 annales
1223 1447 1425 1528 exscripserit
1433 1449 1454 1509 ³.

344 1532 508 1599 Caeterum
538 1537 576 1600 de
603 1535 736 1614 ratione,
767 1555 847 1616 quae
873 1534 958 1598 inter
986 1535 1042 1598 iios
1071 1535 1206 1600 annales
1232 1542 1262 1600 et
1288 1535 1457 1601 Granicum

341 1623 375 1687 S.
392 1623 483 1688 Petri
504 1623 685 1704 intercedat,
709 1624 746 1688 in
762 1623 817 1688 ‘N.
834 1622 972 1687 Arcisiu'
987 1622 1126 1704 XXIV,
1145 1624 1226 1703 fasc.
1240 1631 1269 1688 2.
1290 1625 1455 1690 disseram.

339 1712 412 1776 Hoc
445 1713 509 1778 ioco
539 1714 622 1776 addo
655 1714 775 1777 eosdem
809 1712 944 1777 annates
977 1711 1044 1776 iam
1073 1711 1109 1776 in
1137 1712 1249 1793 prima
1278 1714 1457 1778 recensione

346 1800 500 1866 Cronicae
528 1801 687 1866 adhibitos
715 1822 781 1866 esse
805 1800 886 1865 midi
908 1799 1020 1865 uideri.
1070 1801 1113 1865 In
1136 1802 1196 1866 itae
1218 1808 1248 1866 et
1269 1804 1408 1867 secunda
1430 1809 1492 1867 et1⁶

340 1889 434 1954 tertia
456 1890 541 1954 enim
556 1890 638 1955 sicut
659 1897 688 1954 et
707 1890 744 1954 in
759 1897 875 1971 quarta
890 1889 1043 1972 teodori·
1066 1889 1252 1974 Gregorius
1268 1913 1358 1976 papo
1372 1892 1458 1956 fecit

341 1999 477 2043 erucem
497 1980 667 2064 predicari
684 2026 736 2042 ...
754 1983 874 2044 contra
890 1979 1075 2061 Sistingos
1097 1981 1139 2044 de
1155 1981 1280 2062 quibus
1292 1981 1322 2045 V
1335 1980 1458 2044 milis

341 2070 383 2132 ei
399 2068 509 2131 XXV
526 2069 721 2134 homines
745 2089 765 2132 a
789 2089 889 2133 cruce
913 2068 1058 2151 signaiis
1080 2070 1118 2131 in
1141 2089 1199 2132 ore
1223 2068 1331 2152 gladii
1354 2070 1457 2134 occisi

341 2161 432 2232 suni,
456 2157 492 2219 in
507 2163 624 2236 quarta
639 2157 707 2221 sota
730 2155 879 2238 lenimus:
902 2158 942 2220 A.
957 2157 1000 2219 D.
1013 2157 1170 2221 Moosc.
1187 2158 1338 2241 Stetingi
1354 2159 1457 2223 occisi

341 2249 431 2322 suni,
463 2245 595 2309 scilicet
618 2245 648 2307 V
673 2246 796 2309 milio
825 2252 860 2310 et
883 2245 1004 2324 XXV,
1035 2246 1073 2308 in
1096 2247 1224 2311 diocesi
1248 2247 1493 2312 tironiensis>

342 2332 410 2397 Nec
427 2335 526 2397 sotum
549 2353 587 2396 eu
602 2333 695 2398 tibris
709 2333 777 2398 iam
799 2333 837 2397 in
853 2333 966 2414 prima
985 2333 1165 2398 recensione
1180 2334 1334 2399 acumine
1348 2342 1459 2400 auctor

340 2428 473 2501 quartae
497 2423 597 2502 ptura
627 2421 761 2503 addidit,
797 2423 851 2486 sed
879 2421 975 2486 etiam
1004 2422 1125 2502 aliquot
1152 2424 1233 2487 iocos
1263 2444 1301 2487 en
1330 2423 1382 2487 iris
1408 2445 1457 2488 eu·

340 2509 473 2591 scriptos
495 2532 565 2575 cum
579 2510 647 2574 diis
662 2510 800 2575 contulit.
836 2510 1013 2592 Aliquoties
1036 2510 1120 2575 enim
1142 2511 1179 2575 in
1195 2512 1255 2576 trac
1278 2512 1458 2578 recensione

340 2599 531 2664 Eidreiiardi
554 2599 642 2664 lectio
664 2599 810 2664 restituta
832 2606 884 2681 est,
909 2620 990 2680 quae
1011 2599 1049 2664 in
1065 2599 1232 2682 prioribus
1255 2601 1332 2666 otiis
1355 2601 1458 2666 verbis

340 2687 468 2769 scm'ptis
489 2695 612 2753 mutata
634 2695 712 2753 erat.
1467 2706 1494 2746 2⁶

447 2776 523 2841 Iam
546 2777 621 2842 irinc
643 2777 746 2841 oritur
760 2775 910 2858 quaestio,
933 2783 1039 2840 unum
1062 2779 1102 2841 ab
1124 2776 1193 2858 urso
1216 2785 1343 2844 auctore
1362 2778 1459 2843 ituius

346 2863 508 2946 Oronicac,
522 2887 566 2929 an
577 2868 618 2930 ab
630 2865 694 2931 atio
705 2866 809 2945 fratre
817 2865 947 2930 Minore
959 2866 1372 2947 concentusErmitordensis
1383 2867 1458 2932 iaec

341 2961 457 3035 quarta
468 2954 608 3018 recensio
619 2955 708 3034 facta
719 2953 769 3018 sit.
796 2955 882 3018 Sane
894 2975 958 3019 non
965 2953 1116 3034 inuenies,
1129 2975 1186 3019 cur
1193 2955 1458 3020 continuationem

341 3041 379 3106 in
394 3043 453 3108 icae
468 3043 612 3107 additam
628 3066 659 3108 a.
672 3048 900 3106 1267-1272.
914 3063 979 3107 non
995 3044 1153 3108 abeodem
1169 3051 1294 3109 auctore
1308 3044 1458 3127 scriptam

341 3151 407 3195 esse
436 3152 563 3196 censeas
595 3139 630 3196 ut
663 3130 915 3196 continuationes
944 3154 974 3196 a.
1001 3137 1233 3196 1262-1265.
1269 3133 1402 3198 atterius
1431 3139 1496 3197 etio

342 3241 372 3283 a.
390 3225 484 3284 1266.
505 3225 598 3284 1267.
619 3220 729 3285 tertiae
747 3219 950 3284 recensionis.
982 3219 1026 3284 In
1044 3219 1095 3284 iris
1111 3219 1211 3285 tribus
1223 3227 1354 3303 praeter
1369 3242 1459 3303 quae-

342 3309 417 3372 dam
439 3308 475 3373 in
487 3308 602 3390 patria
619 3314 648 3373 et
665 3308 702 3372 in
722 3307 907 3390 Thurinum
922 3315 1010 3390 qesta
1025 3308 1093 3373 aiio
1107 3309 1207 3374 muita
1222 3310 1300 3392 ieais
1314 3311 1460 3375 derebus

341 3395 378 3460 in
411 3397 522 3477 Italia,
558 3397 679 3478 Gallia,
712 3396 844 3479 Anyiia,
881 3397 1027 3477 Prosda,
1058 3398 1249 3478 praesertim
1281 3398 1320 3463 in
1357 3399 1459 3463 Terra

343 3486 463 3551 Sancta
483 3484 588 3568 sestis,
612 3507 692 3567 quae
715 3485 836 3565 fratres
859 3484 1008 3550 Minores
1030 3507 1046 3550 e
1068 3486 1163 3551 terris
1185 3487 1324 3552 crimnis
1346 3489 1459 3552 adven

341 3645 371 3692 iu
389 3643 530 3710 appendice
548 3643 622 3708 (III)
646 3643 714 3694 edito
739 3642 857 3694 adhibiti
876 3648 947 3696 mint.
984 3642 1019 3693 In
1036 3642 1150 3694 secundo
1167 3645 1314 3696 recessim
1332 3643 1498 3696 ermnaess

341 3713 388 3764 iioc
412 3729 479 3780 opus
504 3713 537 3765 ab
556 3715 709 3766 Innocentio
729 3730 807 3780 papa
832 3715 1002 3780 compositum
1027 3729 1079 3766 esse
1103 3714 1211 3777 dicitur,
1229 3716 1300 3781 quod
1318 3717 1347 3766 in
1366 3717 1459 3783 prima

341 3788 488 3838 recensione
505 3786 581 3838 deest.
619 3785 736 3836 Curicies
753 3786 840 3851 initur
858 3787 929 3836 inter
947 3800 1031 3837 annos
1050 3787 1128 3840 1261.
1147 3792 1170 3838 ci
1190 3788 1267 3841 1265.
1286 3786 1335 3837 iu
1352 3788 1382 3838 in
1400 3801 1461 3838 con·

341 3861 445 3907 centum
463 3857 586 3921 fratrum
604 3857 742 3908 Mincium
761 3855 978 3924 torpuerimus
999 3856 1115 3908 aliatum
1133 3873 1193 3912 csse.
1267 3858 1293 3924 1)
1311 3858 1354 3923 Of.
1373 3873 1459 3924 supra

337 3944 367 3998 p.
388 3928 447 3982 120.
520 3929 547 3992 2)
568 3928 621 3992 Qui
637 3927 686 3978 sub
705 3943 730 3981 a.
746 3929 823 3982 1087.
842 3927 987 3991 schismate
1008 3931 1100 3994 pontit
1117 3943 1185 3994 quae
1202 3931 1232 3980 in
1250 3929 1397 3980 annalibus
1415 3943 1460 3980 en·

341 4001 451 4066 scripto
475 3999 511 4050 ad
534 4015 558 4052 a.
580 4000 656 4055 1187.
677 4000 754 4054 1194.
776 4000 950 4054 11961197.
976 3999 1064 4050 relata
1089 4005 1173 4054 eram.
1258 4002 1286 4067 3)
1313 4000 1355 4064 of.
1374 4011 1499 4066 supraco

340 4084 367 4135 p.
388 4071 430 4124 76.
511 4070 540 4137 4)
561 4069 616 4122 Sui
638 4085 664 4121 a.
685 4071 762 4124 1241.
800 4072 901 4122 Auctor
918 4071 989 4120 enim
1007 4071 1038 4122 de
1056 4069 1134 4122 rebus
1150 4073 1229 4136 uestis
1243 4071 1401 4138 pontificum
1419 4085 1461 4122 rc-

342 4140 432 4202 fercns
455 4157 509 4193 uon
533 4143 636 4193 curavit
661 4141 782 4192 ordinem
809 4142 942 4208 turnum.
1031 4140 1059 4207 5)
1077 4141 1170 4193 Etiam
1188 4143 1258 4208 quod
1274 4144 1305 4194 in
1319 4141 1461 4207 prior-iim

341 4213 535 4264 rumsionibus
559 4212 660 4264 dicitur
681 4214 805 4267 a.1223.
831 4213 935 4276 fratres
957 4211 1077 4264 Minores
1103 4212 1273 4279 Erpiordioe
1297 4214 1461 4264 marrsiuicm

342 4283 586 4406 woe'clowuim
609 4283 709 4406 ῑῖσοίπ
727 4288 827 4350 quartu
845 4285 985 4351 repetitum
1003 4289 1048 4348 est,
1068 4283 1114 4335 scd
1131 4284 1200 4336 idem
1217 4283 1272 4336 alio
1291 4283 1343 4336 loco
1361 4285 1392 4334 in
1410 4283 1462 4334 isac

413 4369 439 4403 m
457 4371 473 4404 r
545 4368 571 4404 m
589 4369 634 4408 eit.
1472 4366 1501 4406 ὥ
