3222 4850
302 343 470 401 ORONIOA
483 345 512 404 S.
521 344 639 402 Parni
649 344 912 402 numanum
924 344 1016 400 MOD.
1035 345 1071 402 A.
1081 347 1159 404 1275.
1239 350 1293 405 275

280 526 399 594 Ἤοο1
427 549 518 594 anno
549 532 630 594 ante
660 529 814 594 tribunal
843 529 999 614 Philippi
1027 531 1118 614 regis
1148 529 1388 603 Francieenee.

169 617 378 700 quibusdam
408 617 682 703 disceptantibus
713 639 775 702 pro
805 619 954 702 quodam
983 619 1149 702 opulento
1172 620 1291 705 predio

172 706 352 771 cuiusdam
383 707 500 772 divitis
530 707 697 786 defuncti,
728 707 884 792 prefatus
913 728 973 773 rex
1006 708 1048 772 de
1077 707 1175 772 falsis
1198 708 1291 773 testi-

173 795 258 860 busa
277 816 394 873 unum,
419 795 574 880 quamvis
590 816 787 880 pauperem,
812 789 1006 862 modicumb
1026 799 1062 862 et
1081 797 1290 881 despectum,

134 884 308 954 avocarit
339 885 384 949 ad
413 905 459 963 se,
491 886 608 950 dicens
639 886 686 950 ei:
720 884 766 950 ‘Si
795 885 872 963 scis,
903 885 997 950 dieas
1027 885 1133 950 michi
1155 885 1291 951 occulte

173 971 273 1037 Pater
294 973 427 1053 noetm',
450 974 509 1058 qui
533 974 621 1039 dixit
643 974 716 1058 regi
737 974 944 1039 dominicam
967 974 1161 1040 oracionem
1185 994 1291 1058 usque

173 1062 218 1127 ad
241 1061 355 1128 finem.
400 1063 497 1126 Tune
521 1063 726 1128 exclamarit
748 1083 808 1128 rex
824 1083 945 1150 coram
975 1063 1134 1128 omnibus
1157 1063 1289 1128 dicens:

174 1150 274 1216 ‘Ecce
296 1151 362 1216 iste
385 1151 539 1215 narravit
561 1152 666 1215 michi
696 1155 807 1216 totam
830 1151 1043 1228 veritatem’;
1075 1173 1141 1235 quo
1171 1152 1291 1216 audito

174 1238 235 1304 alii
264 1239 424 1304 undecim
453 1243 560 1306 testes
590 1240 672 1305 falsi
701 1240 849 1304 multum
880 1241 1036 1306 exterriti
1066 1243 1291 1306 narraverunt

135 1349 264 1394 munus
294 1330 372 1413 post
402 1328 528 1393 alium⁶
557 1329 745 1394 successive
770 1332 884 1394 totum
909 1349 1113 1414 processum,
1138 1330 1291 1396 dicentes

174 1438 210 1483 se
234 1437 295 1502 per
317 1418 499 1501 pecuniam
521 1418 628 1484 luisse
652 1419 841 1494 conductos
864 1423 899 1484 et
922 1413 1146 1483 subornatos‘l
1174 1419 1216 1483 ab
1241 1439 1292 1483 ac·

173 1509 249 1571 tore
284 1511 406 1571 avaro⁰
446 1511 482 1572 et
521 1507 646 1572 bibisse
682 1508 922 1591 mercipotum,
958 1500 1072 1591 quous
1104 1507 1293 1592 vulgariter

176 1595 305 1660 dicitur
333 1595 535 1672 lihkouiffl,
567 1597 658 1661 circa
690 1617 812 1680 corpus
843 1597 1015 1674 defuncti,
1046 1597 1143 1662 ouius
1176 1596 1292 1661 fuerat

175 1684 342 1768 predium,
374 1687 410 1750 et
438 1685 479 1760 ei,
511 1688 693 1768 postquem
722 1679 813 1749 fuith
847 1688 1013 1764 mortuus,
1042 1686 1158 1750 vinum
1188 1685 1225 1749 in
1255 1705 1292 1749 os

136 1772 315 1839 refudisse.
351 1773 487 1839 Idcirco
509 1793 569 1838 rer
592 1773 847 1859 condempnans
871 1776 1023 1840 actorem
1046 1774 1241 1839 convictum
1257 1777 1292 1838 et

174 1861 340 1945 iniquum,
364 1861 485 1928 relicte
502 1862 660 1928 defuncti
678 1865 714 1928 et
729 1862 846 1928 liberis
863 1863 936 1927 eius
958 1863 1113 1928 restituit
1136 1863 1293 1948 predium

175 1971 254 2015 cum
288 1971 383 2036 pace.
496 1951 657 2017 Prefatus
690 1944 799 2017 idem¹
836 1972 896 2016 rex
931 1951 1075 2017 Franeie
1109 1951 1292 2036 Philippus

176 2040 263 2105 duos
287 2061 384 2106 cecos
407 2039 541 2106 solebat
564 2059 702 2126 pascere
718 2041 862 2106 cottidie
885 2039 1080 2118 elemosine,
1104 2061 1146 2106 er
1169 2039 1293 2124 quibus

175 2149 265 2192 unus
288 2149 421 2214 semper
443 2130 576 2213 gracias
599 2131 672 2214 egit
688 2129 771 2207 Deo,
797 2129 885 2194 alter
899 2150 981 2194 vero
998 2149 1099 2196 cecus
1123 2150 1192 2194 non
1208 2129 1292 2207 Deo,

135 2219 235 2287 asad
270 2238 404 2302 semper
435 2219 568 2302 gracias
603 2218 675 2302 egit
708 2219 783 2302 regi
817 2218 961 2284 lbancie
1003 2221 1106 2301 atque
1136 2219 1173 2281 in
1201 2219 1293 2283 hunc

175 2306 315 2370 modum
331 2306 460 2391 pluries
476 2307 742 2384 contendebant,
766 2327 857 2372 unus
873 2307 985 2372 Deum
1001 2307 1185 2385 laudando,
1206 2306 1294 2372 alter

174 2415 290 2479 regem
311 2395 465 2461 Fbancie.
513 2395 589 2461 Hoc
613 2396 757 2462 audiens
780 2417 839 2462 rex
863 2418 884 2460 a
906 2397 1072 2461 ministris
1095 2395 1161 2460 sibi
1184 2399 1296 2460 astau-

173 2484 269 2548 tibus
291 2485 393 2550 iussit
414 2485 508 2549 infra
531 2467 714 2570 prandium
738 2479 873 2570 parari¹¹
900 2486 968 2550 duo
996 2484 1137 2569 pastilla
1159 2485 1202 2549 de
1226 2505 1294 2549 car-

175 2573 277 2637 nibus
301 2573 469 2657 equaliter
492 2573 592 2650 bona,
616 2575 675 2639 sed
705 2574 742 2638 in
765 2594 835 2638 uno
858 2575 941 2657 poni
964 2576 999 2639 et
1022 2573 1207 2659 superaddi
1230 2574 1294 2638 ius-

134 2663 221 2733 asit
251 2661 450 2746 colligatam
481 2663 666 2746 panniculo
694 2682 845 2727 marcam
868 2663 959 2738 auri3
991 2682 1059 2746 quo
1088 2662 1184 2726 facto
1207 2661 1295 2726 dixit

175 2771 250 2816 rex:
284 2751 384 2817 ‘Date
415 2771 505 2829 ceco,
534 2753 594 2835 qui
623 2773 678 2818 me
708 2751 839 2827 laudat,
870 2750 1049 2834 pastillum
1079 2771 1158 2816 cum
1181 2771 1296 2816 marca

175 2833 268 2903 auri¹
300 2844 336 2907 et
365 2840 461 2904 aliud
491 2840 669 2924 pastillum
693 2841 774 2905 date
804 2839 906 2906 alteri
933 2839 1040 2918 ceco’;
1072 2843 1108 2907 et
1138 2840 1296 2905 adiunxit

175 2948 235 2993 rex
267 2929 402 2994 dinem:
435 2928 524 2995 ‘Scio
557 2933 684 3008 tamen,
716 2930 797 3013 quia
826 2929 921 2995 Deus
958 2927 1169 3014 prevalebit'.
1216 2928 1297 2994 Occi

335 3137 427 3219 nigras
439 3135 507 3260 peri,
522 3153 560 3218 'ex
572 3137 659 3192 altero
673 3137 748 3191 albas
766 3136 827 3192 fieri
845 3136 967 3204 dicunt,
987 3154 1022 3192 ex
1039 3141 1156 3206 utroque
1173 3137 1297 3192 bibentes

335 3225 424 3262 varias
460 3224 537 3264 rerr.

389 3277 424 3332 In
436 3277 624 3350 Trogodieism
634 3282 677 3332 ter
688 3280 717 3332 in
730 3278 774 3333 die
786 3278 818 3332 fit
832 3296 939 3332 amarus
958 3284 985 3334 et
1003 3279 1038 3332 in
1057 3279 1115 3333 die
1134 3284 1189 3332 ter
1202 3278 1295 3334 dulcis.

389 3348 424 3404 In
442 3349 569 3405 Sardinia
593 3349 682 3404 fontes
705 3350 785 3404 calidi
804 3351 888 3403 oculis
906 3350 1059 3416 medentur,
1078 3350 1152 3404 fures
1171 3355 1295 3419 arguunt.

337 3418 408 3474 Nam
426 3420 541 3475 cecitate
559 3420 711 3492 detegunt
729 3437 822 3474 eorum
841 3420 954 3476 lacinus.

389 3491 475 3561 Apud
487 3491 669 3546 Garamantes
686 3491 761 3544 fons
780 3491 818 3544 ita
836 3491 1045 3561 rigidusdie,
1064 3495 1094 3543 ut
1106 3507 1162 3545 non
1180 3491 1298 3560 possit

336 3561 416 3630 bibi,
435 3562 474 3616 ita
492 3561 601 3616 ardens
618 3565 709 3626 nocte,
727 3566 758 3615 ut
775 3579 831 3616 uon
848 3567 984 3633 tangatur.

390 3632 425 3687 In
443 3632 550 3702 Epicon
573 3633 634 3686 sons
653 3637 722 3700 est,
740 3633 768 3687 in
787 3651 841 3702 quo
860 3634 933 3688 faces
953 3649 1065 3688 accense
1083 3633 1298 3703 extinguantur

338 3707 366 3756 et
385 3705 503 3758 exfiucte
521 3703 726 3759 accendantur.

447 3893 473 3922 ua
487 3883 538 3925 add.
552 3883 579 3926 R.
661 3882 684 3930 b)
704 3884 735 3922 sic
749 3885 768 3922 1.
784 3883 811 3927 B.
830 3883 851 3926 V.
866 3883 893 3926 N.
974 3883 995 3934 c)
1015 3885 1045 3922 stc
1060 3885 1078 3926 1.
1097 3883 1119 3926 V.
1135 3885 1167 3934 N,·
1191 3895 1259 3925 uuum
1272 3886 1298 3924 R.

235 3947 246 3974 c
330 3949 334 3960 ·
357 3945 382 3974 su
478 3941 512 3975 tos
527 3939 545 3978 l.
564 3935 586 3978 V.
640 3934 746 3986 eflicit.
765 3936 787 3979 V.
803 3936 836 3984 Ν,·
856 3947 925 3976 auore
940 3938 959 3980 l.
1012 3937 1107 3985 osiel.
1126 3938 1149 3978 V.
1165 3938 1198 3986 Ν,·
1219 3939 1298 3987 quire.

246 4001 259 4028 u
292 4001 306 4028 u
347 4018 353 4037 ,
475 3990 508 4038 R,-
529 3989 640 4030 linckauff
657 3989 685 4038 V,-
706 3989 791 4040 lycboff
803 3989 831 4032 N.
885 3990 909 4040 b)
922 3991 953 4029 sic
966 3991 993 4034 Β.
1012 3990 1040 4035 V:
1053 3991 1128 4032 marat
1142 3993 1165 4042 15
1180 3992 1256 4032 fuisset
1272 3992 1299 4034 Ν,

178 4043 195 4093 Ι)
215 4044 246 4083 stc
273 4073 279 4087 .
314 4073 320 4086 .
345 4041 389 4092 N),·
424 4047 467 4083 tem
482 4041 596 4093 predictus
611 4043 638 4087 R.
705 4042 729 4092 k)
749 4044 822 4084 sicli.
840 4043 864 4082 V.
880 4043 913 4092 N,-
935 4045 983 4094 pari
998 4046 1016 4087 1.
1079 4045 1095 4094 l)
1115 4045 1178 4088 atel.
1194 4046 1229 4094 N,·
1250 4057 1298 4085 curn

179 4109 192 4137 a
210 4108 233 4136 ro
270 4126 275 4136 .
306 4129 311 4139 .
365 4107 387 4136 m
410 4094 552 4148 Troglodytlo
566 4097 628 4138 lacus
644 4101 679 4137 est
693 4095 748 4136 laid.
804 4096 827 4147 n)
842 4096 911 4147 Epiro
927 4097 980 4139 Isid.

180 4259 207 4323 1)
227 4257 268 4310 Dc
285 4257 450 4324 amiradibus
468 4256 572 4310 duabus
590 4256 693 4322 sabulis
709 4257 767 4310 vide
778 4273 845 4324 quae
857 4257 919 4308 diei
935 4273 1021 4324 supra
1035 4275 1067 4325 p.
1078 4259 1140 4313 124.
1193 4259 1222 4326 2)
1239 4261 1260 4314 I.
1274 4277 1298 4327 q.

177 4326 289 4396 litkouf,
307 4327 450 4397 maimoni.
