3200 4844
296 386 476 442 ANNALES
495 387 522 443 S.
537 388 652 442 PETRI
670 387 1045 443 ERPHESFURTENSES
1065 387 1234 457 ANTIQUI.
1291 394 1324 445 13

210 573 329 648 tempore
347 565 415 620 belli
435 566 516 649 huius
539 566 709 648 servabatur,
733 567 807 647 iussu
832 565 904 648 regis
929 565 1067 647 prolectas
1093 583 1125 620 eo
1151 567 1235 620 abbas
1253 566 1323 648 Her·
1335 551 1445 653 phf'ffqu

209 637 372 703 valdenses,
382 637 615 691 consentieutsbus
625 637 782 706 Thunngis,
795 653 855 690 eam
867 637 931 690 inde
941 641 1045 704 accepit
1055 643 1136 705 atque
1146 636 1322 691 Herveldiam

209 708 320 762 adduxit
342 713 524 778 pregnantem
548 713 576 762 et
595 708 649 761 iam
669 707 702 761 de
721 713 816 776 partus
835 707 974 761 vicinitate
992 709 1021 760 in
1040 707 1097 761 dies
1116 708 1281 763 anxiantem.

311 795 422 850 Interea
440 813 489 849 rex
507 813 570 850 cum
583 796 696 864 videret,
716 795 790 864 quod
803 795 935 864 paulatim
948 813 964 848 a
976 813 1005 849 se
1017 796 1153 864 principes
1167 795 1323 862 deficerent,

185 872 234 922 eet
250 867 370 920 hostium
390 866 518 921 ferocitas
543 884 592 920 sna
617 867 704 935 magis
728 867 861 935 patientia
885 865 1094 934 incrudesceret,
1119 867 1224 935 pudore
1249 883 1323 920 com·

206 939 297 1006 pulsus
316 937 420 1006 pariter
438 943 466 992 et
484 938 643 992 necessitate
662 938 758 992 statuit
777 941 927 990 extremam
945 937 1070 991 fortunae
1088 939 1176 991 aleam
1188 942 1322 1006 temptare

207 1014 233 1062 et
251 1026 314 1062 cum
332 1009 496 1076 Senonibus,
522 1009 569 1062 ubi
587 1009 706 1077 primurn
728 1009 807 1076 copia
830 1007 918 1075 fieret,
944 1009 1050 1061 collatis
1075 1007 1160 1076 signis
1184 1008 1322 1073 dimicare,

205 1080 292 1150 magis
320 1079 423 1150 eligens
452 1080 535 1133 vitem
564 1079 686 1145 honeste,
711 1096 793 1147 quern
820 1096 850 1132 re
891 1097 936 1131 um
964 1097 1014 1146 per
1041 1079 1159 1133 dedecus
1187 1079 1322 1134 emittere.

205 1149 350 1220 Igiturb
374 1155 599 1220 congregato
625 1150 747 1204 exercitu
766 1149 817 1204 vt
869 1150 902 1204 al.
929 1149 995 1205 Feb.
1020 1149 1220 1204 Herveldiams
1248 1150 1324 1203 venit

172 1227 334 1278 iocontre
352 1220 522 1276 Saxones.

312 1308 518 1363 Hildebrandus
542 1327 614 1377 papa
639 1325 699 1362 curn
727 1308 859 1377 episcopis
880 1307 976 1362 ltaliae
1002 1308 1165 1362 conveniens
1190 1309 1243 1361 iam
1269 1307 1491 1371 fre-cenesca

204 1381 352 1448 quentibus
364 1379 473 1448 synodis
485 1380 651 1447 decreverat,
664 1385 695 1432 ut
706 1379 854 1433 secundum
866 1380 992 1432 institute
1004 1379 1177 1447 antiquorum
1187 1396 1323 1432 canonum

204 1451 369 1519 presbiteris
387 1468 486 1504 uxores
498 1467 553 1504 non
566 1451 694 1515 habeant,
712 1450 842 1505 habentes
859 1455 907 1502 aut
919 1450 1060 1502 dimittent
1077 1455 1125 1503 aut
1141 1451 1321 1519 deponantur,

204 1539 256 1576 nec
275 1523 418 1591 quisquam
437 1522 548 1574 omnino
561 1521 597 1574 ad
609 1521 789 1574 sacerdotium
803 1520 972 1587 admittatur,
991 1521 1037 1589 qui
1050 1537 1105 1574 non
1118 1520 1321 1590 inperpetuum

170 1593 401 1648 incontinentiam
421 1592 561 1661 vitamque
584 1591 700 1646 celibem
725 1591 894 1660 profiteatur.
938 1590 1000 1645 Hoc
1026 1592 1136 1645 decreto
1162 1609 1211 1660 per
1236 1596 1321 1644 totam

204 1663 317 1716 Italiam
344 1663 536 1744 promulgato,
567 1662 676 1716 crebras
703 1663 796 1716 literas
823 1663 858 1715 ad
886 1662 1027 1730 episcopos
1054 1662 1205 1716 Galliarum
1236 1667 1322 1715 trans·

204 1735 342 1802 mittebat,
360 1733 521 1804 precip1ens,
541 1737 572 1786 ut
590 1733 641 1802 ipsi
659 1750 768 1802 quoque
787 1733 816 1786 in
834 1733 888 1786 suis
907 1734 1042 1786 aecclesiis
1060 1733 1185 1787 similiter
1202 1733 1322 1786 facerent

204 1811 289 1874 atque
317 1823 333 1858 a
359 1803 540 1858 contubernio
572 1805 743 1858 sacerdotum
776 1821 870 1857 ornnes
902 1805 1014 1856 omnino
1044 1804 1160 1857 feminas
1189 1809 1322 1872 perpetuo

204 1876 380 1930 anathemate
399 1879 561 1930 resecarent.
599 1876 738 1928 Adversus
756 1875 809 1928 hoc
830 1875 971 1928 decretum
997 1875 1121 1942 protinus
1146 1875 1323 1929 vehementer

167 1947 348 2004 contremuit
366 1951 425 2000 tota
443 1946 526 2000 factio
545 1947 715 2014 clericorum,
737 1946 877 1999 hominem
895 1947 977 2014 plane
1002 1946 1151 1999 hereticum
1178 1951 1205 1999 et
1230 1947 1322 2000 vesani

203 2017 345 2088 dogmatis
364 2035 420 2071 esse
439 2017 590 2082 clamitans,
616 2018 662 2086 qni
681 2017 782 2070 oblitus
806 2017 939 2070 sermonis
957 2017 1076 2084 Domini,
1101 2034 1155 2084 quo
1181 2018 1234 2071 eit:
1260 2019 1322 2071 Non

203 2107 296 2142 ornnes
319 2092 429 2158 capirsnt
454 2090 501 2142 boc
525 2089 648 2150 mcum
675 2092 724 2156 qni
747 2095 833 2156 potest
856 2105 957 2158 capere,
981 2091 1087 2156 captan-
1115 2093 1142 2141 et
1168 2090 1321 2156 apostolus:

204 2162 260 2224 Qui
277 2177 306 2213 sc
322 2177 377 2214 non
395 2163 516 2224 continet,
535 2161 636 2221 nabau
653 2160 749 2212 melius
767 2166 803 2211 est
822 2163 890 2211 mim
908 2161 1005 2212 naim
1023 2175 1104 2226 quam
1122 2163 1177 2222 uri,
1203 2160 1322 2213 violenta

202 2231 349 2284 exactione
368 2231 491 2283 homines
508 2229 600 2282 vivere
619 2234 730 2298 cogeret
752 2229 807 2282 ritu
826 2230 995 2300 angelorum,
1020 2233 1049 2283 et
1071 2228 1136 2282 dum
1162 2235 1320 2284 consuetum

167 2319 316 2358 accursum
341 2305 455 2354 naturas
480 2305 602 2369 negaret,
628 2299 803 2353 fornicationi
829 2305 856 2353 et
881 2299 1076 2353 immundiciae
1100 2299 1178 2354 frena
1202 2302 1322 2367 laxaret,

202 2372 280 2440 quod
304 2372 326 2425 si
348 2375 477 2441 pergeret
498 2371 661 2424 sententiam
684 2371 855 2436 continuare,
880 2371 962 2424 malle
980 2388 1008 2424 se
1033 2371 1215 2424 sacerdotium
1241 2389 1321 2440 quem

202 2443 363 2512 coniugium
383 2443 515 2509 deserere,
534 2447 562 2495 et
579 2449 646 2495 tunc
663 2443 784 2495 visurum
798 2459 869 2510 eum,
889 2441 933 2495 cui
945 2441 1069 2496 homines
1081 2441 1231 2510 sorderent,
1250 2442 1322 2495 unde

201 2514 391 2584 gubernandis
408 2529 458 2582 per
476 2513 634 2566 aecclesiam
652 2513 704 2565 Dei
728 2512 855 2580 plebibus
876 2513 987 2578 angelos
1013 2517 1219 2580 comparaturus
1243 2517 1321 2566 esset.

201 2585 408 2638 Nichilcminus
437 2584 484 2637 ille
509 2584 629 2637 instabat
657 2587 686 2637 et
710 2583 825 2637 assiduis
849 2583 1033 2653 legationibus
1061 2584 1201 2652 episcopos
1228 2601 1322 2638 omues

167 2655 348 2712 sosocordiae
366 2673 398 2709 ac
417 2653 537 2708 desidiae
556 2654 698 2724 arguebat,
718 2660 745 2707 et
763 2653 816 2707 nisi
835 2654 910 2708 ocius
929 2654 1082 2708 iniunctum
1100 2654 1152 2706 sibi
1177 2656 1321 2724 negocium

203 2731 414 2794 exequerentur,
433 2725 584 2793 apostolica
601 2742 630 2779 se
648 2741 761 2778 censura
780 2725 807 2778 in
827 2742 873 2778 eos
898 2724 1150 2778 animadversurum
1174 2726 1322 2778 commina-

202 2798 295 2852 batur.
332 2796 564 2864 Archiepiscopus
583 2795 690 2866 Sigei
693 2794 820 2849 ridusd
837 2795 1035 2866 Mogontinus⁰
1058 2795 1145 2849 sciens
1163 2811 1218 2849 ncn
1237 2813 1322 2864 parvo

203 2872 333 2922 constare
363 2885 475 2936 operam
505 2866 591 2934 hanc,
622 2873 653 2920 ut
682 2871 760 2920 tanto
790 2871 915 2935 tempore
944 2867 1067 2920 inolitam
1099 2867 1321 2920 consuetudinem

202 2939 352 2994 revelleret
366 2943 448 3007 atque
464 2937 499 2991 ad
511 2937 668 2992 rudimenta
684 2939 820 2992 nascentis
833 2937 979 2992 aecclesiae
991 2941 1177 2991 senescentem
1190 2938 1322 2990 mundum

168 3009 384 3074 aeresormaret,
410 3008 577 3062 moderatius
603 3009 704 3078 egebat
728 3026 790 3063 cum
815 3009 869 3078 eis,
894 3013 923 3062 et
947 3008 1036 3077 primo
1062 3008 1100 3061 eis
1126 3007 1154 3061 in
1179 3008 1323 3061 dimidium

204 3098 309 3134 annum
328 3080 451 3132 inducias
476 3079 525 3133 ets
546 3080 718 3133 deliberandi
740 3080 848 3148 copiam
867 3079 951 3145 dedit,
976 3079 1088 3133 hortans
1113 3095 1166 3146 eos,
1195 3084 1226 3132 ut
1250 3079 1324 3147 quod

203 3151 360 3205 necessario
388 3150 542 3205 faciendum
573 3151 607 3204 sit
635 3155 732 3218 sponte
757 3150 859 3204 saciant
883 3155 911 3202 et
935 3153 992 3202 tam
1017 3149 1067 3202 sibi
1092 3167 1174 3217 quam
1198 3148 1324 3202 Romano

204 3220 332 3290 pontifici
344 3221 534 3276 necessitatem
547 3221 670 3274 adimant
681 3221 787 3288 aliquid
798 3220 826 3273 iu
839 3235 894 3286 ecs,
914 3219 986 3287 quod
998 3236 1076 3273 secus
1088 3219 1131 3285 sit,
1150 3218 1323 3272 decernendi.

204 3292 256 3346 Ad
273 3293 402 3346 ultimum
421 3296 587 3361 congregata
605 3290 709 3359 synodo
729 3291 756 3344 in
775 3290 939 3359 Erphesfurt
960 3307 1053 3344 mense
1073 3289 1186 3344 Octobri
1208 3289 1325 3357 pressius

169 3365 263 3420 solam
282 3363 452 3428 imminebat,
479 3367 509 3416 ut
527 3362 649 3432 relegata
674 3362 749 3414 omui
775 3362 1000 3430 tergiversatione
1026 3361 1253 3429 inpresentiarum
1279 3363 1326 3412 aut

206 3433 368 3504 coniugium
387 3434 545 3488 abiurarent
564 3437 611 3487 aut
628 3433 699 3486 sacri
711 3433 803 3486 altaris
820 3432 971 3486 ministerio
983 3449 1013 3484 se
1026 3431 1193 3486 abdicarent.
1222 3429 1326 3483 Multas

206 3509 322 3559 econtra
340 3505 381 3557 illi
399 3505 523 3559 raciones
540 3503 704 3569 asserebant,
722 3504 821 3572 quibus
840 3503 965 3556 instantis
983 3501 1207 3570 perurgentisque
1224 3502 1326 3568 impro-

207 3576 325 3630 bitatem
343 3575 456 3629 eludere
473 3575 690 3643 sententiamque
715 3591 820 3628 cassare
845 3574 1005 3628 niterentur.
1049 3570 1173 3638 Cumque
1198 3572 1326 3625 adversus

207 3646 374 3716 apostolicae
398 3647 469 3700 sedis
491 3645 692 3713 auctoritatem,
717 3662 772 3713 qua
789 3662 818 3698 se
837 3645 884 3697 ille
903 3644 938 3698 ad
956 3643 1027 3696 hanc
1045 3641 1215 3696 exactionem
1233 3647 1327 3711 preter

170 3718 379 3776 involuntatem
398 3719 537 3786 propriam
557 3734 617 3771 com
638 3717 728 3769 uisum
747 3715 922 3782 obtendebat,
945 3712 1030 3768 nichil
1049 3716 1217 3783 argumenta,
1240 3713 1326 3767 nichil

207 3787 431 3857 supplicationes,
449 3805 544 3856 preces
570 3735 742 3857 prohcerent,
767 3785 867 3856 egressi
890 3790 1022 3854 tanquam
1047 3786 1083 3838 ad
1107 3784 1325 3852 consultandum,

207 3858 352 3914 consilium
371 3860 475 3926 ineunt,
501 3863 532 3912 ut
557 3859 585 3911 in
604 3857 736 3926 synodum
761 3874 816 3909 non
841 3855 963 3922 redeant,
989 3856 1037 3910 sed
1062 3856 1156 3910 iniussi
1180 3873 1274 3909 omnes
1298 3856 1326 3908 in

208 3931 306 3983 domos
329 3947 390 3983 suas
413 3929 562 3984 discedant.
604 3927 738 3982 Nonnulli
761 3928 843 3980 etiam
867 3927 985 3981 confusis
1010 3928 1123 3980 vocibus
1149 3927 1327 3980 clamitabant

209 4001 308 4054 melius
326 4001 379 4055 sibi
397 4001 492 4068 videri,
511 4005 542 4052 ut
561 3999 588 4052 in
601 3999 734 4067 synodum
751 3998 866 4068 regressi
884 3999 973 4067 ipsum
987 3999 1152 4067 episcopum,
1169 3997 1327 4066 priusquam

172 4072 393 4129 coexecrabilem
411 4073 554 4125 adversum
575 4087 621 4125 ecs
639 4069 803 4123 sententiam
822 4070 1019 4140 promulgaret,
1038 4068 1167 4122 cathedra
1180 4067 1327 4135 episcopali

210 4269 232 4307 al
246 4263 350 4308 nemete
362 4279 380 4307 c.
435 4267 458 4314 b)
472 4267 545 4316 lgltm
559 4267 581 4304 in
595 4267 641 4306 loco
656 4277 715 4315 rosc,
730 4277 804 4315 roaga
815 4265 951 4305 -Saxones
965 4265 1009 4304 allo
1024 4268 1111 4310 arram„
1122 4265 1207 4312 partlm
1221 4265 1245 4302 ιιι
1258 4275 1328 4312 marc.

206 4325 258 4368 post
271 4320 343 4369 ειφρι,
423 4322 444 4368 c)
459 4321 492 4368 pfi
506 4331 533 4370 a,
548 4325 571 4358 at
585 4320 699 4370 Lampas-ti
712 4321 778 4359 codar
792 4323 877 4367 autogr.
889 4331 934 4368 pro
948 4317 997 4368 ptirl
1013 4317 1112 4356 tabuere
1131 4317 1222 4366 ridetur,
1240 4328 1287 4354 cam
1306 4319 1328 4354 ln

211 4375 244 4412 sd.
254 4373 328 4422 prisc.
344 4373 509 4422 pertimetur.
578 4373 601 4421 d)
615 4374 688 4411 eadm
703 4383 769 4410 manu
782 4383 889 4421 asperam.
962 4371 983 4420 s)
997 4371 1086 4419 moroni
1099 4381 1118 4410 c.
1191 4371 1328 4418 nauperscr.
