3266 4852
603 391 770 448 0110ch
788 391 922 450 MINOR.
1267 397 1322 453 615

204 577 400 642 adulteratus
431 582 475 640 est
485 576 506 638 ².
557 573 620 656 Qui
648 595 717 640 cum
745 573 837 640 illuni
866 575 982 640 libnnu
1004 576 1197 658 describeret,
1220 577 1320 643 multa

203 667 306 746 uerba
337 671 372 730 ut
405 663 520 745 stilum,
553 670 589 728 ut
618 663 679 729 sibi
708 661 881 744 uidebatur,
912 663 1070 746 expoliret,
1105 663 1239 730 msitarit
1271 667 1320 731 iel

203 752 407 836 transposuit,
437 752 594 818 nonnula
621 751 766 833 corrosit,
790 751 945 834 plurima,
976 774 1057 835 quoe
1078 752 1146 834 ipse
1167 754 1250 818 mdc
1271 754 1319 819 in·

203 842 327 924 tellenit,
345 841 537 924 duraverit,
552 840 751 923 paucissimo
766 847 796 906 et
810 841 887 906 bueo
900 841 939 906 in
953 847 1092 906 eutrenia
1100 848 1197 924 parte
1211 843 1318 908 munio

180 932 248 996 sad
275 931 418 996 ordinem
447 929 712 996 Ibaedi'cotorum
746 929 920 1012 spectantia
954 929 1088 1012 addidit,
1121 929 1207 996 iuter
1238 951 1319 1012 quoe

202 1019 366 1084 adnotavit
394 1042 425 1084 a.
447 1024 542 1084 1235.
572 1019 693 1098 fratres
715 1017 957 1084 Praedicatores
986 1018 1087 1084 locum
1115 1019 1319 1086 Constantios

201 1107 360 1191 recepisse,
385 1109 469 1173 unm
491 1129 561 1172 eum
583 1107 621 1172 iu
642 1106 703 1172 boc
725 1106 853 1172 sinitote
874 1106 1039 1188 scripsisse
1053 1114 1193 1190 apparet.
1231 1109 1318 1190 Quae

201 1203 311 1262 auctor
333 1195 571 1279 Erpbordensis
593 1195 630 1261 iu
653 1196 779 1260 laudem
800 1194 974 1260 Francisci
996 1201 1089 1278 atque
1112 1194 1236 1262 ordinis
1251 1196 1317 1261 Mi-

201 1305 315 1350 noium
336 1286 515 1367 scripserat,
538 1285 598 1350 iste
621 1287 658 1350 de
680 1283 852 1350 Dominico
873 1284 1046 1363 fundatore
1068 1284 1119 1350 sui'
1142 1285 1267 1350 ordinis
1289 1292 1318 1350 et

166 1375 239 1440 nde
266 1374 425 1454 frutribus
448 1373 736 1454 Praedicatoribus,
761 1379 944 1455 pervertens
972 1373 1061 1438 illius
1088 1375 1194 1451 uerbo,
1225 1373 1315 1439 aluit.

205 1464 366 1544 Quaedam
390 1465 427 1528 de
449 1461 608 1542 fratribus
623 1461 811 1526 Minoribus
834 1467 864 1526 et
884 1481 964 1543 quae
987 1464 1025 1526 de
1039 1461 1209 1528 Dominico
1232 1463 1316 1528 dicta

200 1551 262 1617 sibi
291 1573 357 1616 non
380 1552 550 1633 placebant
578 1549 691 1631 omisit,
721 1549 854 1632 deniqne
882 1549 1148 1616 continuationem
1174 1551 1316 1616 brevissi·

199 1661 284 1704 mam
315 1636 423 1719 (Oont.
449 1641 514 1705 IV.
543 1639 729 1722 partemI)
761 1638 898 1721 addidit,
932 1659 995 1720 qno
1024 1641 1062 1704 de
1091 1639 1189 1704 solius
1218 1641 1316 1704 Iuno

200 1729 296 1794 centii
325 1729 361 1794 V.
380 1750 496 1810 papae,
520 1727 637 1808 fratris
659 1727 783 1792 ordinis
806 1726 1077 1810 Praedicatorum,
1107 1729 1200 1793 rebus
1220 1728 1316 1810 pestis

164 1817 270 1900 oepit.
324 1818 414 1884 Unde
437 1823 527 1898 patet
555 1837 624 1881 eum
653 1837 684 1880 a.
707 1821 802 1880 1276.
831 1837 937 1881 mense
960 1815 1056 1898 Iulio,
1080 1823 1249 1898 numquam
1278 1819 1315 1882 de

200 1906 349 1971 Adriano
372 1906 409 1971 V.
434 1927 525 1989 papa
554 1907 658 1970 eodem
687 1925 773 1970 anno
804 1905 868 1969 Iul.
896 1911 944 1969 11.
976 1905 1068 1970 eleeto
1096 1903 1315 1971 Constantiam

199 1995 332 2059 nuntius
360 1994 545 2075 aduenisset,
575 1995 652 2059 boec
673 1992 836 2074 scripsisse
846 1995 867 2056 ².
913 1992 1024 2058 Huius
1045 1993 1122 2058 libri
1142 1994 1315 2076 eaemplaii

198 2083 235 2149 in
258 2090 440 2148 conventam
461 2084 602 2163 fratrum
618 2082 879 2148 Praedicatorum
900 2081 1122 2147 Rotuilensem
1144 2083 1245 2147 delato
1267 2084 1314 2148 cel

198 2171 244 2237 ibi
267 2171 382 2253 scripto
405 2172 487 2237 oller
508 2171 613 2251 frater
631 2170 755 2236 ordinis
770 2170 1033 2236 Iboedicatorum
1054 2169 1170 2236 ibidem
1186 2170 1313 2252 paucis-

163 2259 281 2328 numo
304 2261 342 2326 de
363 2259 560 2342 sequentibus
576 2259 783 2340 pontificibus
805 2281 901 2341 usque
924 2261 968 2325 ad
989 2282 1020 2325 a.
1040 2265 1135 2323 1281.
1157 2259 1310 2340 addiditss,

198 2355 264 2414 tiun
287 2349 356 2414 alio
378 2351 416 2414 de
437 2348 601 2430 mapistiis
620 2348 821 2430 pancration
843 2354 872 2413 et
893 2347 976 2412 uiris
996 2346 1173 2414 illustribus
1189 2347 1313 2413 ordinis

198 2437 460 2502 Praedicatorum
482 2438 546 2502 siue
562 2439 722 2502 abeodem
743 2437 808 2502 siue
831 2438 871 2501 ab
894 2435 959 2502 olio
974 2437 1078 2516 fratre
1100 2436 1212 2500 addito
1226 2443 1310 2501 sunt.

196 2527 250 2591 Ea
273 2527 330 2592 lice
353 2525 525 2608 exemplari
540 2525 728 2590 Rotuilensi
751 2545 955 2606 omnesones
977 2525 1126 2589 bubeiuus
1148 2523 1243 2588 buius
1264 2545 1310 2590 re·

196 2615 354 2680 censionis
378 2612 444 2696 (D)
472 2614 590 2680 codices
613 2613 752 2696 profecti
781 2619 863 2694 suut,
888 2634 926 2678 ac
947 2613 1073 2694 quidem
1096 2611 1225 2694 priores
1247 2619 1310 2678 tres

159 2735 186 2775 25
197 2700 289 2782 (Dgl.
307 2710 357 2768 1⁸·
369 2699 404 2787 ³³)
429 2706 474 2769 od
493 2703 576 2768 idem
591 2704 797 2786 apoprapliou
814 2702 995 2768 meiiiliisuui
1016 2700 1091 2766 libri
1106 2699 1310 2766 Rotuilensis

195 2794 333 2873 redeunt,
357 2793 392 2858 D
408 2787 485 2857 1⁸³³
506 2813 544 2858 en
566 2791 660 2857 liuius
682 2790 859 2874 apopraplii
874 2789 1047 2872 exemplari
1061 2788 1210 2870 descripti
1224 2797 1308 2855 suut.

301 2882 336 2947 D
358 2877 386 2966 1)
426 2880 530 2947 cocu
560 2879 827 2945 Monacensis
861 2878 1060 2944 bibliothecae
1093 2877 1200 2960 repioe
1234 2879 1308 2943 Lol.

194 2987 245 3034 nr.
270 2976 368 3052 5541,
403 2969 478 3035 olim
510 2967 697 3034 monasterii
725 2967 909 3034 Diessensis
942 2987 993 3032 nr.
1017 2973 1070 3049 41,
1104 2968 1232 3032 membr.
1257 2968 1307 3048 8⁰,

194 3058 219 3137 s.
248 3064 369 3124 1—45.
404 3057 573 3124 Granicum
604 3056 767 3122 Minorem
801 3077 871 3122 eum
904 3055 1203 3122 Continuationibus
1232 3056 1307 3121 III.

158 3154 225 3220 met
245 3147 311 3212 IV.
336 3169 416 3213 saec.
442 3147 552 3212 XIII.
576 3167 634 3228 eu,
664 3145 748 3211 inter
770 3168 801 3210 a.
828 3150 923 3210 1281.
947 3151 976 3210 et
1001 3149 1094 3224 1283,
1119 3151 1154 3210 ut
1175 3144 1307 3226 uidetur,

194 3235 341 3302 Iohanne
356 3236 536 3302 Lombordo
558 3235 710 3318 mopistro
729 3233 874 3318 peneroli
888 3233 1031 3298 ordinem
1047 3232 1309 3298 Praedicatorum

194 3327 347 3407 repente4,
371 3331 516 3391 accurate
539 3331 568 3389 et
590 3327 664 3389 bene
687 3323 838 3406 scriptam
856 3321 1135 3410 coutinet⁵,soliis
1156 3321 1193 3386 in
1216 3321 1309 3386 binas

194 3415 355 3479 columnas
370 3413 493 3478 diuisis·
530 3411 630 3478 Cuius
645 3412 759 3494 scribo,
782 3411 834 3476 uir
849 3413 963 3493 doctus,
987 3413 1054 3476 uon
1070 3431 1179 3492 pauco
1193 3411 1308 3476 mendo

195 3660 221 3728 1)
251 3660 304 3724 Qui·
328 3661 358 3711 iu
380 3660 493 3727 proloqu
516 3661 625 3727 scripsit
649 3659 718 3710 banc
743 3658 884 3710 Orouioom
909 3671 992 3724 usque
1018 3654 1052 3708 sd
1078 3671 1179 3707 annum
1197 3653 1308 3707 Domini

157 3728 368 3789 ssMGOLXXI
393 3731 453 3796 (nbi
476 3731 509 3783 A.
529 3731 561 3784 B.
583 3730 627 3784 01
654 3727 935 3794 incomitatus)
958 3727 1065 3778 ductam
1083 3742 1143 3791 esse,
1167 3727 1212 3779 sod
1229 3727 1308 3792 finem

193 3802 353 3870 empus-u
382 3801 416 3854 ab
448 3818 477 3855 so
507 3801 633 3868 descripti
662 3800 743 3853 obiter
774 3801 917 3866 inspiciens
946 3813 1051 3850 arasse
1086 3799 1227 3850 sumendus
1261 3803 1306 3852 est.

192 3875 221 3941 2)
236 3873 432 3940 Trunssumpta
449 3875 519 3926 enim
535 3872 655 3924 clausula
668 3871 784 3924 codicum
801 3870 826 3921 B
836 3872 860 3926 b.
871 3873 921 3935 5⁸,
939 3885 1025 3936 supra
1039 3886 1069 3937 p.
1082 3870 1143 3934 506,
1162 3886 1189 3923 n.
1201 3871 1227 3923 4.
1246 3870 1307 3924 512.

193 3944 272 4010 dioto,
291 3959 415 3997 nummos
439 3945 594 4012 pontificum
618 3959 701 4010 usqne
724 3943 760 3993 ad
777 3941 959 3994 Innocentium
977 3941 1005 3994 V.
1026 3943 1191 4006 computavit.
1234 3939 1308 3992 Unde

192 4015 240 4067 liic
253 4015 305 4067 bico
316 4031 375 4068 sum
393 4015 526 4067 scribendi
536 4015 615 4080 finem
627 4015 726 4080 fecisse,
745 4013 849 4079 reliqua
862 4028 928 4079 quae
941 4014 970 4062 in
981 4010 1113 4064 codicibus
1121 4011 1149 4062 D
1160 4016 1309 4078 sequuntur

156 4086 227 4143 iorib
245 4087 299 4138 olio
316 4086 410 4138 addito
429 4103 481 4140 essi
498 4091 619 4154 apparet.
703 4088 731 4152 3)
751 4085 819 4136 Tum
836 4085 956 4150 sequitur
973 4088 1037 4134 noto
1055 4081 1087 4133 de
1104 4087 1229 4133 concentu
1247 4083 1307 4147 fru-

192 4162 266 4208 trum
290 4157 510 4210 Prosdi'catariim
535 4156 698 4221 Ratioilensi',
726 4171 760 4207 ea
786 4171 839 4222 qua
866 4155 930 4206 hoec
955 4153 995 4204 ibi
1020 4155 1122 4220 scripto
1149 4169 1202 4204 esse
1224 4157 1305 4218 potet.

192 4229 221 4295 4)
241 4228 295 4280 Hic
318 4231 389 4280 euim
412 4231 443 4280 in
467 4229 515 4280 boi
539 4228 621 4281 codiee
646 4227 755 4278 additus
772 4231 809 4277 est
826 4227 857 4277 in
874 4226 941 4277 seris
957 4225 1151 4290 mopistrorum
1170 4226 1199 4275 in
1218 4223 1304 4275 Conti-

192 4301 331 4351 nuationi‘s
349 4299 400 4354 IV.
423 4305 503 4367 parts
519 4299 559 4351 II.
595 4298 647 4351 Sed
664 4297 796 4350 Iohannes
820 4298 876 4349 iam
894 4312 919 4350 a.
934 4297 1011 4350 1264.
1030 4297 1158 4360 mopistsr
1174 4294 1307 4360 pennalis

192 4370 284 4423 electus
301 4377 345 4426 ist.
435 4373 463 4439 5)
481 4369 596 4438 Reliqua
613 4369 695 4422 liuius
712 4368 808 4421 induis
831 4369 922 4436 priori
943 4371 1056 4434 tempori
1072 4368 1174 4435 scripto
1192 4366 1306 4430 sancito

1041 4469 1094 4528 33*
