3186 4844
309 369 477 446 ononmn
497 369 525 426 S.
538 367 653 424 PETRI
671 368 934 425 ERFORDENSIS
953 367 1151 425 MODERNA.
1242 373 1294 426 123

178 555 310 636 conen,
334 553 471 634 fortasse
493 551 758 618 continuationem
773 551 938 634 Lamperti
959 551 996 618 iu
1018 551 1130 616 Monte
1153 553 1187 617 S.
1204 551 1295 616 Petri

178 642 302 725 turcicis
318 644 539 724 productom1.
586 642 650 706 Sed
671 661 828 722 quousque
857 647 967 706 auctor
988 662 1026 706 ecc
1055 640 1295 720 adiicientibus

177 730 328 813 inriserit,
352 753 374 796 a
396 752 456 814 quo
478 731 543 796 ioco
565 729 632 812 ipm
655 749 706 794 res
718 735 823 811 aestas
846 728 1018 810 scripserit,
1042 729 1221 794 discernere
1243 751 1294 795 ue·

176 840 260 902 queo.
309 821 397 886 Saue
418 818 514 885 etiam
537 821 593 884 sici
616 841 646 884 a.
668 824 875 883 1185.1186.
901 819 1036 884 nauales
1064 819 1216 899 quosdam
1245 840 1293 883 ec·

147 907 341 991 compsisse
362 908 495 989 videtur,
519 929 589 973 cum
616 906 804 972 Theoderici
826 906 1024 973 marchionis
1045 909 1084 972 de
1105 908 1294 990 Laudsbera

176 998 293 1062 obitum
315 1005 346 1062 et
367 997 411 1062 od
428 1020 458 1062 a.
479 1003 573 1061 1185.
598 1003 678 1062 recte
697 997 788 1061 etad
807 1019 837 1061 a.
858 1001 952 1060 1186.
977 995 1061 1075 feteo
1084 996 1291 1060 adnotaverit.

175 1087 374 1151 Moueudum
404 1086 499 1152 etiam
529 1091 574 1152 est
597 1084 760 1169 Sifrictum
788 1087 827 1150 dc
848 1084 1035 1150 Batuicusiu
1066 1106 1090 1150 c.
1111 1087 1199 1148 188.1
1222 1105 1293 1150 cou-

174 1177 243 1240 dem
278 1176 393 1258 tabem
426 1174 611 1240 rotationem
648 1175 686 1239 de
722 1173 880 1239 nobilibus
909 1173 1087 1254 Erfordiac
1124 1173 1294 1239 subucersis

175 1264 358 1344 breviatam,
382 1284 462 1345 quae
484 1263 522 1328 in
549 1263 643 1329 Grou.
669 1263 702 1328 S.
721 1262 812 1327 Petri
833 1262 956 1345 lenitur,
974 1262 1151 1343 posthunc
1173 1284 1294 1326 aureum

26 1410 27 1418 ,
143 1373 271 1434 sonsque
294 1353 339 1418 ad
359 1355 457 1434 finem
473 1353 602 1434 primae
618 1351 727 1433 portis
743 1350 852 1434 (1208)
876 1351 959 1416 reiicit
981 1353 1049 1430 scre
1071 1351 1108 1416 iu
1130 1350 1211 1417 iihro
1226 1350 1294 1416 eius

26 1441 27 1448 '
175 1457 244 1508 cum
273 1442 334 1507 isac
363 1441 570 1520 cone·enire⁸,·
599 1461 688 1522 ocrem
716 1438 885 1506 Orouicom
915 1441 947 1505 8.
970 1440 1060 1504 Petri
1090 1461 1154 1504 uon
1184 1439 1294 1521 iecisse

175 1532 262 1612 opud
290 1552 338 1596 mo
368 1536 498 1595 constat.
545 1529 584 1595 Si
613 1549 686 1611 erqo
714 1549 753 1593 ec
782 1529 956 1594 conatibus
978 1528 1231 1608 Ersordensibas
1253 1531 1293 1594 ab

174 1625 302 1684 auctore
328 1618 484 1685 Orouieac
507 1619 539 1684 8.
557 1617 648 1682 Petri
676 1617 842 1700 exscriptis
870 1619 947 1682 icccc
976 1619 1020 1682 ad
1043 1617 1205 1697 Sifridum
1223 1639 1293 1698 per·

175 1707 297 1773 ciuisse
319 1707 421 1773 conici
438 1713 551 1789 posset,
575 1728 672 1788 usque
694 1707 739 1772 ad
760 1707 843 1772 tenue
865 1729 987 1771 arcuum
1017 1707 1073 1772 teos
1095 1708 1229 1772 annales
1253 1708 1292 1772 ab

143 1803 301 1862 cunctere
324 1803 430 1861 nostro
453 1796 612 1861 adhibitos
634 1817 700 1860 esse
716 1801 848 1878 pateret.
897 1797 961 1860 Sed
983 1794 1130 1876 Sisiudus
1159 1797 1294 1860 arinates

175 1885 323 1950 habuisse
338 1891 449 1968 potest,
473 1884 510 1950 iu
533 1884 646 1967 quibus
668 1905 707 1949 cc
733 1884 872 1950 Orouion
896 1885 929 1950 8.
947 1884 1038 1949 Petri
1059 1886 1215 1966 quaedam
1244 1905 1292 1948 ecc-

174 1974 294 2056 scripta
316 1980 418 2039 erant.

281 2063 485 2144 Atterapars
496 2061 651 2128 Orouicae
662 2063 830 2127 modernae
841 2063 964 2126 domm
976 2063 1066 2144 touao
1078 2069 1212 2144 tempore
1221 2069 1294 2144 post

176 2157 312 2216 711208.
330 2150 455 2217 adiecta
469 2157 522 2231 cst,
535 2150 678 2216 uidelicet
685 2152 982 2233 pontopostpaeem
997 2173 1026 2215 a.
1039 2157 1134 2215 1276.
1148 2152 1290 2216 170726.

143 2240 259 2305 niuter
281 2240 457 2319 Rudotfum
480 2261 583 2322 rcaem
605 2246 634 2304 et
652 2239 832 2306 Ottocarum
850 2261 952 2322 recem
967 2239 1140 2305 Bohemioc
1162 2241 1291 2321 foetam,

175 2335 345 2412 outaJuom
360 2329 472 2394 betium
489 2328 575 2394 iuter
589 2349 640 2393 cos
657 2352 688 2394 a.
705 2334 800 2392 1278.
820 2349 924 2394 morose
941 2327 1039 2393 Iunio
1057 2332 1290 2394 recusaretur.

87 2435 166 2484 mssa.
176 2419 327 2484 Narrate
340 2439 421 2500 pace
438 2417 524 2483 inter
538 2437 626 2500 reyes
643 2418 733 2496 fecta
752 2418 829 2482 hacc
841 2437 923 2498 pers
946 2417 1071 2482 desiuit.
1105 2419 1213 2500 'Quod
1226 2419 1293 2482 iam
1339 2417 1342 2424 '

175 2528 213 2572 ec
241 2529 277 2572 eo
306 2506 510 2590 coyreoscitur,
541 2507 624 2588 quod
648 2505 685 2571 in
712 2507 777 2572 cod.
801 2513 815 2569 l
842 2505 898 2570 icoc
920 2508 985 2571 toco
1007 2513 1099 2571 uotae
1121 2507 1233 2571 cariae
1255 2509 1293 2572 de

175 2595 333 2675 umnstris,
363 2617 514 2678 namnum
536 2601 663 2676 partem
692 2617 731 2660 ecc
752 2593 876 2660 Isidori
905 2595 998 2661 libris
1020 2595 1293 2678 Etymotoyiorum

24 2565 26 2620 t

24 2711 26 2730 ³
142 2691 204 2750 sset
219 2683 375 2751 Orouicae
387 2683 532 2749 Minoris
548 2684 613 2749 cod.
627 2683 853 2749 additamentis
868 2691 958 2748 aucto
971 2682 1029 2764 (=
1042 2684 1076 2748 B
1083 2687 1119 2768 2)
1132 2687 1292 2766 saraptam

176 2843 202 2906 1)
220 2842 314 2892 Nescio
332 2856 368 2892 on
387 2840 431 2891 iiic
447 2842 519 2892 mter
536 2857 561 2894 a.
576 2842 655 2896 1187.
668 2845 691 2893 et
704 2843 782 2904 1180.
800 2843 870 2894 aiios
888 2843 967 2894 etiem
985 2841 1096 2894 annales
1114 2843 1292 2908 exscripserit,

175 2927 232 2963 uim
257 2915 328 2964 inter
354 2911 402 2962 isos
427 2927 512 2964 annos
537 2911 642 2964 abbates
662 2912 861 2976 Hersfetdenses
885 2918 908 2963 et
932 2913 1077 2964 nouum
1100 2913 1237 2976 defundes
1262 2929 1293 2964 cc

175 2985 328 3034 constitutos
345 2985 584 3036 commemoraverit
601 2984 647 3048 (cf.
669 2983 713 3038 (Ν.
732 2984 845 3035 Aretoic'
864 2983 961 3048 XXII,
983 3002 1011 3052 p.
1029 2987 1090 3050 712,
1109 3000 1136 3039 n.
1152 2988 1188 3046 1).
1226 2983 1293 3036 Cum

175 3053 369 3107 honerosum
393 3053 561 3119 scriberetur,
585 3055 672 3106 Menti
695 3055 722 3110 S.
742 3055 819 3107 Petri
837 3056 961 3122 praefuit
989 3055 1082 3107 Witeio
1107 3056 1188 3108 cocae
1212 3055 1290 3123 (1201

24 3159 25 3180 i
143 3125 307 3193 n-1221)‚
336 3127 385 3191 qui
408 3127 578 3193 praepositus
609 3125 785 3190 Gettiuqensie
811 3129 969 3180 monasterii
994 3125 1085 3178 abbati
1110 3127 1295 3190 Hersfetdensi

174 3197 276 3248 subditi
298 3197 399 3260 fumat.
471 3197 499 3261 2)
522 3195 571 3250 SS.
584 3196 675 3262 XXV,
700 3214 727 3264 p.
745 3199 798 3252 898
809 3215 848 3265 eq.
937 3201 965 3266 3)
990 3198 1063 3249 Nom
1087 3198 1157 3264 quod
1174 3213 1200 3252 a.
1214 3201 1292 3253 1191.

176 3268 299 3331 Sifm'dus
324 3273 347 3319 et
366 3267 447 3319 Oron.
465 3267 493 3321 S.
511 3267 586 3319 Petri
609 3267 640 3319 de
664 3269 757 3336 eclipsi
778 3269 840 3320 sotis
864 3269 952 3322 eadem
977 3269 1099 3334 habeant,
1117 3269 1222 3319 nultius
1240 3285 1292 3321 esee

175 3341 298 3390 memmii
315 3339 400 3392 credo.
429 3339 471 3402 Of.
485 3338 528 3392 ‘N.
541 3337 657 3391 Arcisic’
670 3338 751 3402 XXI,
768 3357 795 3406 p.
809 3341 972 3394 ono—529.
1025 3341 1054 3406 4)
1071 3342 1192 3405 Apparet
1204 3345 1292 3391 aucto

173 3426 230 3462 reru
247 3412 304 3462 eius
322 3409 385 3462 beiti
401 3425 458 3462 cere
475 3427 501 3462 a.
516 3411 593 3464 1278.
613 3412 684 3462 inter
695 3409 743 3462 isos
754 3426 828 3476 reyes
844 3411 1021 3476 redintearati
1032 3413 1155 3462 notitiam
1173 3411 1291 3462 nondum

142 3480 304 3544 ammisse,
322 3483 371 3547 qui
387 3481 436 3532 suh
454 3497 480 3534 c.
494 3483 579 3535 1276:
597 3479 667 3532 sicut
686 3479 830 3533 Odoeoksr
847 3497 896 3534 rex
913 3479 1035 3547 Boemie,
1054 3484 1149 3548 inquit,
1167 3497 1218 3533 neo
1237 3497 1292 3533 non

174 3555 201 3604 ei
212 3549 335 3604 Karolne
348 3567 397 3603 rex
409 3547 502 3604 Sicilie
520 3551 620 3604 iniuste
639 3551 809 3604 municiones
821 3555 855 3612 ,et
867 3550 1013 3620 dignitates
1033 3568 1065 3604 ec
1076 3557 1163 3619 ienae
1182 3551 1291 3620 imperii

173 3622 273 3675 multas
292 3624 435 3688 tenent,
454 3622 523 3689 quod
541 3639 566 3677 a.
581 3624 660 3678 1278.
678 3625 747 3689 Ana.
761 3625 805 3678 23.
825 3623 947 3676 ottocaro
964 3626 1044 3676 occiso
1062 3623 1146 3675 dicere
1165 3627 1219 3676 iam
1236 3639 1291 3676 nou

169 3697 316 3760 potuiseei,·
334 3699 357 3745 ct
375 3694 455 3757 iufra
472 3692 521 3744 sich
538 3710 565 3748 a.
579 3696 657 3748 1278.
675 3696 731 3744 sori
768 3697 783 3746 ‘t
801 3695 832 3746 de
845 3711 912 3762 paee
930 3697 1084 3760 interreaee
1102 3696 1193 3759 fama:
1211 3693 1247 3748 Et
1261 3699 1291 3746 nt

172 3763 328 3817 huiusmodi
348 3763 513 3831 composicio
530 3807 536 3819 .
551 3807 577 3820 ..
594 3711 818 3819 indissolndiiiter
839 3771 1021 3833 conservetur,
1042 3806 1089 3821 ...
1107 3764 1175 3818 dnos
1192 3781 1292 3833 pueros

140 3851 234 3894 menos
254 3877 262 3892 .
282 3877 288 3890 .
309 3877 315 3890 .
336 3833 371 3886 ed
389 3834 507 3888 invicem
525 3835 733 3904 desponsarunt,
757 3837 828 3904 quod
845 3845 939 3890 endor
957 3838 1018 3890 delii
1034 3839 1153 3893 α.1278.
1171 3841 1293 3890 renovati

172 3923 277 3973 ccccm
295 3906 409 3958 scribere
426 3921 481 3957 non
496 3910 632 3972 potuimt.
669 3908 728 3960 Hoc
746 3909 799 3960 loeo
815 3915 921 3976 paruero
938 3908 1075 3976 quandam
1094 3909 1221 3961 Gronicce
1239 3925 1290 3960 mo-

172 3977 270 4030 dernae
288 3978 406 4030 mouere
424 3979 480 4030 iam
501 3978 533 4032 B.
547 3977 645 4042 Sindoi,
665 3978 737 4033 Dice.
755 3997 782 4046 p.
796 3981 839 4034 29.
863 3985 885 4031 et
905 3980 933 4034 0.
949 3979 1052 4044 Weneic,
1072 3980 1116 4033 ‘X
1129 3979 1242 4031 Archic'
1254 3979 1290 4043 X,

172 4067 199 4117 p.
212 4051 273 4105 137.
285 4055 310 4102 et
321 4047 355 4102 Ε.
365 4049 483 4101 samiae
502 4049 518 4102 t.
533 4050 550 4103 t.
566 4066 596 4117 p.
608 4052 658 4105 142
670 4067 708 4117 sq.
724 4057 927 4117 pmepeeerunt.
954 4051 1086 4104 nauum
1097 4053 1176 4102 etiam
1188 4056 1289 4116 osmer,

173 4120 241 4187 quod
260 4119 360 4172 Graeci
383 4123 412 4170 in
437 4121 545 4173 concilio
563 4119 740 4186 Luqdunenei
760 4136 785 4172 a.
800 4123 877 4177 1274.
897 4138 955 4174 cum
979 4122 1083 4175 ecelesia
1101 4122 1225 4174 Romanu
1249 4138 1291 4174 re-

141 4193 308 4248 soconcitiati
324 4193 388 4255 siut,
406 4193 521 4244 nesciens
539 4208 581 4244 eos
599 4195 652 4244 iam
674 4192 759 4259 paulo
777 4198 840 4260 post
857 4193 891 4244 cb
909 4194 996 4246 eadem
1014 4195 1155 4258 recessisse,
1176 4195 1291 4259 inspera-

173 4269 253 4316 torcm
270 4277 362 4316 eorum
378 4267 490 4329 propter
507 4263 555 4316 icoc
572 4265 689 4318 a.1281.
708 4280 726 4314 a
744 4263 867 4316 Martino
879 4265 930 4318 IV.
945 4281 1021 4331 papa
1039 4267 1291 4317 excommunicatum

172 4349 232 4388 erse.
305 4333 333 4402 ὃ)
353 4331 414 4384 Has
432 4341 510 4386 nome
528 4337 558 4385 in
576 4335 628 4388 cod.
648 4335 816 4402 numerando
835 4335 962 4388 Cronicae
980 4337 1119 4388 modernae
1142 4338 1198 4388 iam
1223 4337 1290 4388 ecdi-
