3240 4858
318 354 484 411 GRONIGA
497 355 525 412 S.
534 354 650 409 PETRI
662 353 926 410 ERFORDENSIS
939 353 1030 410 MOD.
1047 356 1082 412 A.
1094 360 1171 414 1299.
1261 359 1312 413 321

85 561 276 613 ⁸saranum
300 542 336 605 et
359 539 445 604 alios
469 540 597 603 multos
620 539 754 604 nobiles
777 540 917 604 Austris
945 541 981 604 et
1003 538 1172 618 Almanie,
1199 538 1401 604 *comi-1299.

190 631 243 694 tes
281 633 317 693 et
350 629 505 694 barones.
554 627 716 712 lllegerat
752 632 869 692 autem
903 629 977 712 ipse
1011 649 1071 692 rex
1105 629 1312 712 quingentos
1347 669 1358 688 .

191 717 322 783 milites
356 719 467 782 forma
503 721 539 782 et
573 717 726 781 moribus
762 716 926 801 egregios,
963 737 1047 800 quos
1082 717 1312 780 uniformibus

191 806 334 891 paribus
356 807 504 872 vestium
537 807 724 884 exornavit,
749 807 901 889 exceptis
932 806 995 878 his,
1021 825 1105 888 quos
1135 804 1189 869 illi
1218 806 1311 869 nobi·

159 896 249 972 cles,
283 896 342 979 qui
376 915 491 960 secum
527 899 636 972 eraut,
667 895 704 958 in
734 896 899 959 honorem
928 893 1023 978 regie
1053 895 1311 978 magnificencie

189 987 381 1050 vestierant
404 985 441 1047 in
465 1005 527 1048 suo
551 983 699 1067 quilibet
721 984 899 1049 comitatu.
940 982 1028 1047 (lum
1052 985 1167 1047 autem
1192 983 1311 1047 Thole-

190 1080 266 1137 tum
292 1074 499 1158 attigissent,
523 1093 584 1138 rex
607 1073 751 1137 Francis
774 1071 846 1137 ibi1
869 1093 948 1136 cum
970 1072 1103 1155 virgine
1127 1076 1311 1155 expectans
1321 1095 1348 1142 (a.
1358 1095 1461 1145 sasso).

191 1163 239 1227 eis
263 1181 443 1227 occurrere
466 1162 656 1226 festinavit.
705 1162 788 1225 Erat
818 1164 935 1226 autem
965 1161 1075 1225 multe
1098 1160 1214 1245 pluvie
1239 1161 1421 1232 diesmas).

190 1252 286 1316 illel.
326 1252 400 1316 Rex
424 1272 504 1335 ergo
527 1251 760 1314 Romanorum
784 1250 962 1314 mandavit
985 1249 1143 1314 omnibus
1167 1251 1246 1324 suis,
1271 1253 1311 1312 ut

155 1356 181 1396 10
191 1341 392 1406 melioribus
415 1334 539 1423 proutb
568 1339 744 1404 habebant
766 1339 920 1403 vestibus
943 1338 1162 1403 vestirentur.
1210 1337 1310 1416 Quod

191 1431 220 1493 si
249 1431 326 1512 quis
356 1430 558 1514 negligeret,
591 1429 655 1493 hac
686 1428 864 1493 sentencia
894 1426 1111 1502 multaretur,
1139 1427 1231 1510 quod
1261 1427 1311 1490 nil

191 1519 312 1602 pabuli
343 1518 386 1582 de
417 1519 531 1601 regia⁰
561 1518 656 1582 curia
686 1517 856 1601 reciperet
885 1516 948 1580 illa
974 1517 1040 1580 die.
1087 1515 1311 1581 Intraverunt

189 1608 298 1691 igitur
322 1609 433 1691 ipsam
456 1607 631 1671 civitatem
663 1627 741 1670 cum
772 1601 917 1688 magna(¹
944 1605 1054 1688 gloria
1084 1608 1120 1669 et
1143 1606 1311 1669 comitatu

191 1698 282 1760 circa
305 1696 436 1761 festum
459 1694 570 1759 sancti
594 1697 742 1772 Andree,
766 1695 909 1778 nupcias
933 1695 1005 1758 filio
1035 1714 1107 1770 suo,
1133 1694 1188 1758 cui
1212 1714 1417 1777 copunoaso.

155 1787 324 1850 velaverat
348 1805 497 1849 sororem
521 1783 611 1867 regis
636 1783 789 1859 Francis,
814 1783 1033 1847 festivissime
1058 1781 1309 1860 celebrantes2;

191 1875 250 1939 sed
268 1874 352 1938 heul
378 1878 517 1938 extremo
538 1871 653 1954 gaudii
676 1872 776 1936 luctus
800 1877 937 1953 occupat.
976 1871 1067 1934 Nam
1090 1892 1150 1935 rex
1166 1871 1466 1944 Francierrosnns.

190 1984 307 2048 regem
330 1963 563 2026 Romanorum
594 1963 763 2036 hortatur,
788 1964 829 2024 ut
859 1960 1025 2026 electores
1053 1961 1150 2044 regni
1173 1961 1310 2025 induce·

191 2056 253 2128 ret,
285 2056 456 2135 quatenus
484 2051 594 2115 filium
625 2071 725 2114 suum
754 2051 792 2114 in
821 2070 937 2134 regem
969 2049 1146 2132 eligerent,
1173 2053 1208 2114 et
1237 2050 1310 2132 ipse

190 2141 335 2205 Romam
359 2142 517 2224 pergeret
540 2161 601 2223 pro
617 2139 789 2224 imperiali
803 2138 1043 2203 benedictione
1061 2137 1104 2202 ab
1121 2138 1310 2222 apostolico

154 2231 394 2314 mexpeteuda.
441 2229 507 2293 Sed
539 2229 772 2312 Mogontinus,
805 2227 864 2310 qui
892 2230 977 2291 tunc
1008 2228 1138 2304 aderat,
1167 2227 1232 2290 hoc
1262 2247 1309 2292 re·

192 2317 363 2391 clamavit,
389 2318 506 2382 diceus
537 2339 572 2382 se
596 2337 782 2400 numquam
811 2336 1037 2394 assensurum,
1062 2319 1102 2379 ut
1125 2316 1223 2398 regni
1246 2315 1308 2379 Ro-

190 2408 284 2471 mani
314 2407 548 2490 gubernacula
577 2406 615 2468 in
642 2405 788 2470 alicuius
812 2406 958 2470 viventis
983 2405 1125 2469 heredes
1148 2405 1309 2470 transfer-

191 2501 320 2561 rentur.
366 2496 439 2560 Rex
464 2495 715 2560 ⁸Romanorum
740 2494 793 2557 his
817 2497 1008 2558 commotus
1031 2493 1190 2558 omnibus
1214 2494 1307 2557 nobi·
1320 2514 1348 2556 rr.
1357 2515 1409 2557 soe.

190 2585 291 2662 libus,
323 2587 381 2668 qui
411 2605 527 2649 secum
556 2586 732 2661 venerant,
763 2583 910 2647 redemit
940 2603 1002 2646 sua
1033 2583 1197 2666 pignora⁰
1225 2581 1307 2646 obli-

155 2679 282 2757 agata,
300 2673 406 2737 solius
422 2665 594 2757 episcopis
611 2673 833 2756 pigneribusff
850 2693 921 2736 non
937 2671 1134 2755 redemptis.
1169 2670 1307 2754 Mogon-

191 2763 286 2826 tinus
302 2765 428 2838 autem,
453 2763 607 2846 quamvis
632 2783 709 2826 cum
727 2761 870 2846 penuria
886 2781 1035 2837 suorum,
1059 2759 1207 2824 redemit
1222 2753 1305 2824 sua¹¹

192 2852 355 2935 pignora⁰
383 2851 548 2935 obligata.
594 2851 688 2934 Rege
719 2855 835 2914 autem
867 2870 942 2914 cum
975 2849 1046 2912 suis
1076 2849 1233 2913 omnibus
1265 2849 1308 2912 ad

191 2939 329 3025 propria
351 2960 496 3016 revers0,
522 2939 799 3024 archiepiscopus
823 2938 866 3003 ob
883 2939 958 3015 hoc,
983 2938 1074 3021 quod
1092 2939 1124 3002 ei
1147 2959 1206 3002 rex
1221 2938 1435 3010 fece-oa...)

190 3034 254 3107 rat,
280 3031 470 3094 commotus
494 3030 767 3113 archiepiscopos
784 3026 1047 3092 Coloniensema
1070 3031 1106 3092 et
1128 3027 1308 3091 Treveren·

155 3119 284 3183 sosem⁴
308 3139 386 3183 cum
408 3118 561 3182 Rudolio
586 3119 673 3182 duce
698 3117 842 3180 Bavarie
866 3120 987 3180 contra
1010 3135 1127 3199 regem
1142 3115 1398 3180 Romano-1300.
1501 3151 1504 3159 ·

190 3229 266 3271 rum
290 3228 405 3272 secum
428 3207 567 3271 induxit
591 3207 768 3270 coniurare
778 3205 800 3266 ⁵.
846 3198 936 3269 Rex¹
967 3205 1022 3268 his
1052 3205 1180 3268 auditis
1205 3225 1309 3267 manu

191 3296 306 3360 valida
322 3295 512 3361 Bawariam
535 3295 688 3372 intravit,
714 3294 830 3359 omnia
851 3293 981 3378 rapinis
1004 3297 1040 3358 et
1062 3293 1230 3357 incendiis
1254 3293 1398 3356 de-1301.

191 3389 340 3461 vastans,
372 3385 584 3449 municiones
616 3384 764 3468 capiens,
795 3383 907 3466 ipsum
932 3383 976 3446 ad
1000 3382 1161 3445 ultimum
1186 3383 1308 3445 ducem

190 3473 228 3537 iu
251 3475 465 3539 dedicionem
490 3474 613 3557 coegit.
649 3471 714 3536 Oui
737 3476 856 3556 postea
879 3471 1030 3555 graciam
1054 3491 1151 3534 suam
1174 3471 1309 3554 petenti

155 3557 274 3627 nsuak
300 3563 416 3627 omnia
438 3562 628 3628 redonavit.
664 3561 757 3625 Hinc
781 3581 816 3625 se
841 3563 1042 3625 convertens
1066 3560 1110 3622 ad
1133 3560 1309 3643 superiora

190 3652 279 3716 Reni
316 3653 468 3716 fluminis
503 3650 669 3736 processit
704 3654 741 3715 et
775 3649 885 3733 Binge
921 3649 1096 3713 civitatem
1132 3642 1305 3732 episcopir
1318 3669 1439 3719 (sauss).

190 3845 212 3892 a)
226 3843 265 3882 illu
279 3843 305 3885 R.
372 3841 395 3892 b)
409 3853 464 3891 quor
478 3842 525 3885 111.
587 3840 608 3892 c)
622 3841 682 3891 regis
696 3841 723 3883 Β.
781 3837 846 3888 dlgl.
860 3851 889 3882 m.
903 3840 929 3882 Β.
990 3837 1011 3890 e)
1025 3838 1119 3888 pignera
1133 3840 1197 3876 ulam
1216 3838 1237 3881 h.
1251 3839 1266 3881 l.
1283 3839 1312 3881 R.

190 3895 550 3996 sssor'pmlliathprpehieplscoplll.
612 3897 635 3944 3)
649 3895 679 3933 alc
693 3895 715 3934 h.
730 3893 745 3936 l.
759 3895 778 3934 1.
794 3894 820 3936 R.
874 3891 941 3944 h)s='c
955 3893 988 3940 B,-
1008 3903 1049 3932 suo
1063 3895 1081 3934 1.
1135 3892 1151 3943 i)
1165 3893 1214 3931 lllls
1228 3902 1269 3932 rex
1283 3893 1310 3934 R.

154 4130 218 4194 401)
237 4127 383 4196 Philippus
400 4127 450 4181 IV.
474 4125 671 4179 Valle-cohme
695 4126 759 4190 fuit,
784 4141 837 4177 nors
858 4124 943 4179 Tulli.
1016 4125 1044 4192 2)
1063 4124 1181 4190 Nuptrhe
1205 4123 1309 4175 &mum

191 4215 216 4252 u.
238 4201 314 4254 1300.
340 4199 428 4262 factae
454 4203 530 4261 sunl,
558 4199 726 4265 damano
753 4213 779 4250 a.
800 4199 876 4251 1299.
902 4197 963 4250 Dec.
986 4195 1012 4250 8.
1041 4195 1191 4248 conditura.
1229 4194 1309 4246 Circa

191 4269 256 4327 Nou.
276 4273 318 4325 30.
346 4286 397 4320 rex
425 4269 533 4320 Tullum
561 4269 675 4321 ademit.
776 4269 803 4334 3)
826 4265 997 4320 Wr'cboldum.
1093 4268 1121 4334 4)
1146 4265 1308 4318 Dividuom.

192 4341 219 4407 d)
237 4339 353 4392 Caurum
371 4355 460 4393 veram
478 4340 560 4391 huius
578 4341 771 4392 maturatione
790 4345 883 4390 nudor
900 4339 1042 4405 ἰρηοναυίί,

1060 4447 1095 4499 21
