<?xml version="1.0" encoding="UTF-8"?>
<!DOCTYPE html PUBLIC "-//W3C//DTD XHTML 1.0 Transitional//EN"
    "http://www.w3.org/TR/xhtml1/DTD/xhtml1-transitional.dtd">
<html xmlns="http://www.w3.org/1999/xhtml" xml:lang="en" lang="en">
 <head>
  <title>
</title>
<meta http-equiv="Content-Type" content="text/html;charset=utf-8" />
  <meta name='ocr-system' content='tesseract 3.04.00' />
  <meta name='ocr-capabilities' content='ocr_page ocr_carea ocr_par ocr_line ocrx_word'/>
</head>
<body>
  <div class='ocr_page' id='page_1' title='image "./monumentaerphes01monagoog_0322.png"; bbox 0 0 3240 4858; ppageno 0'>
   <div class='ocr_carea' id='block_1_1' title="bbox 297 285 1299 347">
    <p class='ocr_par' dir='ltr' id='par_1_1' title="bbox 297 285 1299 347">
     <span class='ocr_line' id='line_1_1' title="bbox 297 285 1299 347; baseline -0.003 0"><span class='ocrx_word' id='word_1_1' title='bbox 297 293 351 347; x_wconf 81' lang='lat'>310</span> <span class='ocrx_word' id='word_1_2' title='bbox 441 288 609 345; x_wconf 79' lang='lat' dir='ltr'><strong>ORONIOA</strong></span> <span class='ocrx_word' id='word_1_3' title='bbox 622 289 650 345; x_wconf 84' lang='lat' dir='ltr'>S.</span> <span class='ocrx_word' id='word_1_4' title='bbox 660 287 775 344; x_wconf 78' lang='lat' dir='ltr'>PETRI</span> <span class='ocrx_word' id='word_1_5' title='bbox 787 285 1051 343; x_wconf 67' lang='lat' dir='ltr'>ausonensem</span> <span class='ocrx_word' id='word_1_6' title='bbox 1063 285 1154 343; x_wconf 89' lang='lat' dir='ltr'>MOD.</span> <span class='ocrx_word' id='word_1_7' title='bbox 1174 287 1209 343; x_wconf 84' lang='lat' dir='ltr'>A.</span> <span class='ocrx_word' id='word_1_8' title='bbox 1221 291 1299 344; x_wconf 85' lang='grc'>1294.</span> 
     </span>
    </p>
   </div>
   <div class='ocr_carea' id='block_1_2' title="bbox 196 469 1610 3309">
    <p class='ocr_par' dir='ltr' id='par_1_2' title="bbox 209 469 1446 911">
     <span class='ocr_line' id='line_1_2' title="bbox 209 469 1421 555; baseline 0 -22"><span class='ocrx_word' id='word_1_9' title='bbox 209 473 420 538; x_wconf 75' lang='lat' dir='ltr'>1294.salutis</span> <span class='ocrx_word' id='word_1_10' title='bbox 449 494 582 537; x_wconf 91' lang='lat' dir='ltr'>summa</span> <span class='ocrx_word' id='word_1_11' title='bbox 612 471 779 550; x_wconf 74' lang='lat' dir='ltr'>consistit,</span> <span class='ocrx_word' id='word_1_12' title='bbox 811 472 840 536; x_wconf 90' lang='lat' dir='ltr'>si</span> <span class='ocrx_word' id='word_1_13' title='bbox 871 471 968 535; x_wconf 89' lang='lat' dir='ltr'>cuius</span> <span class='ocrx_word' id='word_1_14' title='bbox 999 471 1105 555; x_wconf 91' lang='lat' dir='ltr'>precii</span> <span class='ocrx_word' id='word_1_15' title='bbox 1135 470 1260 544; x_wconf 83' lang='lat' dir='ltr'>forent,</span> <span class='ocrx_word' id='word_1_16' title='bbox 1284 469 1421 534; x_wconf 89' lang='lat' dir='ltr'>abiecto</span> 
     </span>
     <span class='ocr_line' id='line_1_3' title="bbox 297 557 1420 648; baseline -0.005 -22"><span class='ocrx_word' id='word_1_17' title='bbox 297 583 545 648; x_wconf 85' lang='lat' dir='ltr'>nonnunquam</span> <span class='ocrx_word' id='word_1_18' title='bbox 561 561 769 644; x_wconf 88' lang='lat' dir='ltr'>ubicumque</span> <span class='ocrx_word' id='word_1_19' title='bbox 786 563 1010 634; x_wconf 87' lang='lat' dir='ltr'>sacramento,</span> <span class='ocrx_word' id='word_1_20' title='bbox 1036 559 1256 643; x_wconf 89' lang='lat' dir='ltr'>abripiuntur</span> <span class='ocrx_word' id='word_1_21' title='bbox 1266 559 1287 620; x_wconf 74' lang='lat'>1.</span> <span class='ocrx_word' id='word_1_22' title='bbox 1327 557 1420 637; x_wconf 81' lang='lat' dir='ltr'>Quid</span> 
     </span>
     <span class='ocr_line' id='line_1_4' title="bbox 298 648 1420 732; baseline -0.004 -17"><span class='ocrx_word' id='word_1_23' title='bbox 298 651 410 716; x_wconf 89' lang='lat' dir='ltr'>multa</span> <span class='ocrx_word' id='word_1_24' title='bbox 439 649 648 716; x_wconf 81' lang='lat' dir='ltr'><strong>memorem?</strong></span> <span class='ocrx_word' id='word_1_25' title='bbox 693 649 802 714; x_wconf 80' lang='lat' dir='ltr'>Plane</span> <span class='ocrx_word' id='word_1_26' title='bbox 832 648 1032 732; x_wconf 87' lang='lat' dir='ltr'>inpossibile</span> <span class='ocrx_word' id='word_1_27' title='bbox 1062 652 1116 713; x_wconf 90' lang='lat' dir='ltr'>est</span> <span class='ocrx_word' id='word_1_28' title='bbox 1146 649 1241 712; x_wconf 91' lang='lat' dir='ltr'>dictu</span> <span class='ocrx_word' id='word_1_29' title='bbox 1273 651 1308 712; x_wconf 90' lang='lat' dir='ltr'>et</span> <span class='ocrx_word' id='word_1_30' title='bbox 1331 666 1420 732; x_wconf 88' lang='lat' dir='ltr'>pene</span> 
     </span>
     <span class='ocr_line' id='line_1_5' title="bbox 296 737 1420 823; baseline -0.004 -19"><span class='ocrx_word' id='word_1_31' title='bbox 296 740 510 818; x_wconf 83' lang='lat' dir='ltr'>incredibile,</span> <span class='ocrx_word' id='word_1_32' title='bbox 535 740 572 803; x_wconf 93' lang='lat' dir='ltr'>in</span> <span class='ocrx_word' id='word_1_33' title='bbox 588 759 689 823; x_wconf 90' lang='lat' dir='ltr'>quem</span> <span class='ocrx_word' id='word_1_34' title='bbox 705 738 993 803; x_wconf 70' lang='lat' dir='ltr'>miserrimarum⁸</span> <span class='ocrx_word' id='word_1_35' title='bbox 1012 737 1223 802; x_wconf 89' lang='lat' dir='ltr'>miseriarum</span> <span class='ocrx_word' id='word_1_36' title='bbox 1247 737 1420 820; x_wconf 89' lang='lat' dir='ltr'>gurgitem</span> 
     </span>
     <span class='ocr_line' id='line_1_6' title="bbox 298 822 1446 911; baseline -0.01 -17"><span class='ocrx_word' id='word_1_37' title='bbox 298 822 382 894; x_wconf 68' lang='lat' dir='ltr'>heeb</span> <span class='ocrx_word' id='word_1_38' title='bbox 410 849 502 893; x_wconf 91' lang='lat' dir='ltr'>nunc</span> <span class='ocrx_word' id='word_1_39' title='bbox 531 827 687 894; x_wconf 82' lang='lat' dir='ltr'>infelicia</span> <span class='ocrx_word' id='word_1_40' title='bbox 713 827 967 911; x_wconf 79' lang='lat' dir='ltr'>Thuringorum</span> <span class='ocrx_word' id='word_1_41' title='bbox 996 830 1154 910; x_wconf 90' lang='lat' dir='ltr'>tempora</span> <span class='ocrx_word' id='word_1_42' title='bbox 1182 826 1334 890; x_wconf 80' lang='lat' dir='ltr'>fuerint⁰</span> <span class='ocrx_word' id='word_1_43' title='bbox 1367 825 1446 890; x_wconf 79' lang='lat' dir='ltr'>des</span> 
     </span>
    </p>

    <p class='ocr_par' dir='ltr' id='par_1_3' title="bbox 196 915 1610 2276">
     <span class='ocr_line' id='line_1_7' title="bbox 196 915 1420 1000; baseline -0.003 -20"><span class='ocrx_word' id='word_1_44' title='bbox 196 918 428 988; x_wconf 63' lang='lat' dir='ltr'>⁸annevoluta.</span> <span class='ocrx_word' id='word_1_45' title='bbox 476 916 572 983; x_wconf 76' lang='lat' dir='ltr'>*Deo</span> <span class='ocrx_word' id='word_1_46' title='bbox 597 919 713 981; x_wconf 89' lang='lat' dir='ltr'>antem</span> <span class='ocrx_word' id='word_1_47' title='bbox 737 916 878 1000; x_wconf 88' lang='lat' dir='ltr'>gracias,</span> <span class='ocrx_word' id='word_1_48' title='bbox 904 917 963 999; x_wconf 91' lang='lat' dir='ltr'>qui</span> <span class='ocrx_word' id='word_1_49' title='bbox 986 915 1181 980; x_wconf 89' lang='lat' dir='ltr'>naviculam</span> <span class='ocrx_word' id='word_1_50' title='bbox 1205 915 1420 1000; x_wconf 78' lang='lat' dir='ltr'>Erphorden-</span> 
     </span>
     <span class='ocr_line' id='line_1_8' title="bbox 298 1005 1420 1089; baseline -0.002 -19"><span class='ocrx_word' id='word_1_51' title='bbox 298 1027 369 1072; x_wconf 90' lang='lat' dir='ltr'>sem</span> <span class='ocrx_word' id='word_1_52' title='bbox 393 1007 485 1071; x_wconf 90' lang='lat' dir='ltr'>inter</span> <span class='ocrx_word' id='word_1_53' title='bbox 499 1009 554 1070; x_wconf 90' lang='lat' dir='ltr'>tot</span> <span class='ocrx_word' id='word_1_54' title='bbox 568 1008 813 1088; x_wconf 89' lang='lat' dir='ltr'>tantarumque</span> <span class='ocrx_word' id='word_1_55' title='bbox 829 1005 1043 1070; x_wconf 88' lang='lat' dir='ltr'>miseriarum</span> <span class='ocrx_word' id='word_1_56' title='bbox 1062 1007 1330 1089; x_wconf 72' lang='lat' dir='ltr'>tempestuosam</span> <span class='ocrx_word' id='word_1_57' title='bbox 1346 1024 1420 1088; x_wconf 92' lang='lat' dir='ltr'>pro·</span> 
     </span>
     <span class='ocr_line' id='line_1_9' title="bbox 299 1092 1419 1175; baseline -0.004 -16"><span class='ocrx_word' id='word_1_58' title='bbox 299 1095 422 1160; x_wconf 88' lang='lat' dir='ltr'>cellam</span> <span class='ocrx_word' id='word_1_59' title='bbox 445 1115 508 1158; x_wconf 90' lang='lat' dir='ltr'>sua</span> <span class='ocrx_word' id='word_1_60' title='bbox 530 1094 765 1159; x_wconf 82' lang='lat' dir='ltr'>misericordie</span> <span class='ocrx_word' id='word_1_61' title='bbox 795 1094 1039 1172; x_wconf 63' lang='lat' dir='ltr'>conservaviti,</span> <span class='ocrx_word' id='word_1_62' title='bbox 1065 1115 1143 1158; x_wconf 88' lang='lat' dir='ltr'>cum</span> <span class='ocrx_word' id='word_1_63' title='bbox 1172 1094 1293 1175; x_wconf 89' lang='lat' dir='ltr'>utique</span> <span class='ocrx_word' id='word_1_64' title='bbox 1317 1096 1352 1157; x_wconf 92' lang='lat' dir='ltr'>et</span> <span class='ocrx_word' id='word_1_65' title='bbox 1375 1092 1419 1156; x_wconf 87' lang='lat' dir='ltr'>ab</span> 
     </span>
     <span class='ocr_line' id='line_1_10' title="bbox 298 1181 1420 1267; baseline -0.004 -19"><span class='ocrx_word' id='word_1_66' title='bbox 298 1185 362 1261; x_wconf 91' lang='lat' dir='ltr'>his,</span> <span class='ocrx_word' id='word_1_67' title='bbox 391 1184 451 1266; x_wconf 89' lang='lat' dir='ltr'>qui</span> <span class='ocrx_word' id='word_1_68' title='bbox 482 1205 559 1248; x_wconf 90' lang='lat' dir='ltr'>cum</span> <span class='ocrx_word' id='word_1_69' title='bbox 590 1183 729 1247; x_wconf 89' lang='lat' dir='ltr'>domino</span> <span class='ocrx_word' id='word_1_70' title='bbox 760 1183 920 1267; x_wconf 88' lang='lat' dir='ltr'>episcopo</span> <span class='ocrx_word' id='word_1_71' title='bbox 949 1181 1179 1266; x_wconf 82' lang='lat' dir='ltr'>Maguntino³</span> <span class='ocrx_word' id='word_1_72' title='bbox 1208 1183 1420 1246; x_wconf 90' lang='lat' dir='ltr'>advenerant</span> 
     </span>
     <span class='ocr_line' id='line_1_11' title="bbox 299 1270 1459 1356; baseline -0.004 -19"><span class='ocrx_word' id='word_1_73' title='bbox 299 1277 334 1337; x_wconf 87' lang='lat' dir='ltr'>et</span> <span class='ocrx_word' id='word_1_74' title='bbox 357 1273 450 1336; x_wconf 90' lang='lat' dir='ltr'>intra</span> <span class='ocrx_word' id='word_1_75' title='bbox 479 1272 599 1337; x_wconf 91' lang='lat' dir='ltr'>urbem</span> <span class='ocrx_word' id='word_1_76' title='bbox 629 1273 712 1336; x_wconf 89' lang='lat' dir='ltr'>ficta</span> <span class='ocrx_word' id='word_1_77' title='bbox 735 1291 818 1356; x_wconf 89' lang='lat' dir='ltr'>pace</span> <span class='ocrx_word' id='word_1_78' title='bbox 849 1275 884 1336; x_wconf 89' lang='lat' dir='ltr'>et</span> <span class='ocrx_word' id='word_1_79' title='bbox 908 1292 1033 1348; x_wconf 90' lang='lat' dir='ltr'>amara,</span> <span class='ocrx_word' id='word_1_80' title='bbox 1058 1275 1099 1334; x_wconf 90' lang='lat' dir='ltr'>ut</span> <span class='ocrx_word' id='word_1_81' title='bbox 1121 1275 1200 1355; x_wconf 90' lang='lat' dir='ltr'>post</span> <span class='ocrx_word' id='word_1_82' title='bbox 1223 1270 1347 1355; x_wconf 89' lang='lat' dir='ltr'>patuit,</span> <span class='ocrx_word' id='word_1_83' title='bbox 1372 1271 1420 1332; x_wconf 91' lang='lat' dir='ltr'>in·</span> <span class='ocrx_word' id='word_1_84' title='bbox 1431 1293 1459 1332; x_wconf 78' lang='grc' dir='ltr'>ιο</span> 
     </span>
     <span class='ocr_line' id='line_1_12' title="bbox 297 1355 1420 1436; baseline -0.004 -9"><span class='ocrx_word' id='word_1_85' title='bbox 297 1362 457 1427; x_wconf 89' lang='lat' dir='ltr'>tencione</span> <span class='ocrx_word' id='word_1_86' title='bbox 488 1355 787 1436; x_wconf 65' lang='lat' dir='ltr'>commanebantd,</span> <span class='ocrx_word' id='word_1_87' title='bbox 811 1381 874 1425; x_wconf 88' lang='lat' dir='ltr'>nec</span> <span class='ocrx_word' id='word_1_88' title='bbox 898 1381 967 1424; x_wconf 91' lang='lat' dir='ltr'>non</span> <span class='ocrx_word' id='word_1_89' title='bbox 998 1360 1041 1423; x_wconf 91' lang='lat' dir='ltr'>ab</span> <span class='ocrx_word' id='word_1_90' title='bbox 1072 1360 1148 1424; x_wconf 90' lang='lat' dir='ltr'>aliis</span> <span class='ocrx_word' id='word_1_91' title='bbox 1180 1363 1277 1424; x_wconf 85' lang='lat' dir='ltr'>extra</span> <span class='ocrx_word' id='word_1_92' title='bbox 1299 1360 1420 1423; x_wconf 89' lang='lat' dir='ltr'>urbem</span> 
     </span>
     <span class='ocr_line' id='line_1_13' title="bbox 300 1449 1419 1534; baseline -0.004 -19"><span class='ocrx_word' id='word_1_93' title='bbox 300 1450 497 1515; x_wconf 89' lang='lat' dir='ltr'>constitutis</span> <span class='ocrx_word' id='word_1_94' title='bbox 514 1453 634 1514; x_wconf 91' lang='lat' dir='ltr'>contra</span> <span class='ocrx_word' id='word_1_95' title='bbox 656 1450 767 1534; x_wconf 87' lang='lat' dir='ltr'>ipsam</span> <span class='ocrx_word' id='word_1_96' title='bbox 783 1449 1025 1533; x_wconf 89' lang='lat' dir='ltr'>multipliciter</span> <span class='ocrx_word' id='word_1_97' title='bbox 1046 1449 1154 1513; x_wconf 83' lang='lat' dir='ltr'>fuerit</span> <span class='ocrx_word' id='word_1_98' title='bbox 1173 1449 1419 1518; x_wconf 81' lang='lat' dir='ltr'>machinatum,</span> 
     </span>
     <span class='ocr_line' id='line_1_14' title="bbox 298 1537 1421 1622; baseline -0.003 -20"><span class='ocrx_word' id='word_1_99' title='bbox 298 1559 506 1622; x_wconf 90' lang='lat' dir='ltr'>quamquam</span> <span class='ocrx_word' id='word_1_100' title='bbox 518 1539 727 1603; x_wconf 89' lang='lat' dir='ltr'>monasteria</span> <span class='ocrx_word' id='word_1_101' title='bbox 739 1539 890 1602; x_wconf 90' lang='lat' dir='ltr'>eiusdem</span> <span class='ocrx_word' id='word_1_102' title='bbox 904 1539 1054 1602; x_wconf 90' lang='lat' dir='ltr'>civitatis</span> <span class='ocrx_word' id='word_1_103' title='bbox 1071 1542 1107 1602; x_wconf 90' lang='lat' dir='ltr'>et</span> <span class='ocrx_word' id='word_1_104' title='bbox 1118 1537 1279 1601; x_wconf 88' lang='lat' dir='ltr'>nonnulli</span> <span class='ocrx_word' id='word_1_105' title='bbox 1295 1537 1421 1600; x_wconf 90' lang='lat' dir='ltr'>civium</span> 
     </span>
     <span class='ocr_line' id='line_1_15' title="bbox 298 1624 1421 1711; baseline -0.001 -20"><span class='ocrx_word' id='word_1_106' title='bbox 298 1627 458 1691; x_wconf 92' lang='lat' dir='ltr'>inbonis</span> <span class='ocrx_word' id='word_1_107' title='bbox 488 1627 558 1691; x_wconf 91' lang='lat' dir='ltr'>suis</span> <span class='ocrx_word' id='word_1_108' title='bbox 589 1630 687 1692; x_wconf 85' lang='lat' dir='ltr'>extra</span> <span class='ocrx_word' id='word_1_109' title='bbox 713 1627 833 1691; x_wconf 89' lang='lat' dir='ltr'>urbem</span> <span class='ocrx_word' id='word_1_110' title='bbox 861 1627 936 1690; x_wconf 91' lang='lat' dir='ltr'>sitis</span> <span class='ocrx_word' id='word_1_111' title='bbox 960 1627 1110 1711; x_wconf 89' lang='lat' dir='ltr'>dampna</span> <span class='ocrx_word' id='word_1_112' title='bbox 1132 1626 1251 1709; x_wconf 89' lang='lat' dir='ltr'>gravia</span> <span class='ocrx_word' id='word_1_113' title='bbox 1274 1624 1421 1710; x_wconf 84' lang='lat' dir='ltr'>pertule-</span> 
     </span>
     <span class='ocr_line' id='line_1_16' title="bbox 299 1713 1458 1798; baseline -0.004 -18"><span class='ocrx_word' id='word_1_114' title='bbox 299 1721 391 1792; x_wconf 88' lang='lat' dir='ltr'>runt,</span> <span class='ocrx_word' id='word_1_115' title='bbox 409 1716 500 1780; x_wconf 89' lang='lat' dir='ltr'>inter</span> <span class='ocrx_word' id='word_1_116' title='bbox 517 1737 582 1798; x_wconf 90' lang='lat' dir='ltr'>que</span> <span class='ocrx_word' id='word_1_117' title='bbox 599 1716 844 1780; x_wconf 90' lang='lat' dir='ltr'>monasterium</span> <span class='ocrx_word' id='word_1_118' title='bbox 865 1716 976 1779; x_wconf 88' lang='lat' dir='ltr'>sancti</span> <span class='ocrx_word' id='word_1_119' title='bbox 991 1715 1087 1780; x_wconf 89' lang='lat' dir='ltr'>Petri</span> <span class='ocrx_word' id='word_1_120' title='bbox 1108 1716 1153 1779; x_wconf 87' lang='lat' dir='ltr'>ad</span> <span class='ocrx_word' id='word_1_121' title='bbox 1166 1713 1270 1779; x_wconf 75' lang='lat'>*000</span> <span class='ocrx_word' id='word_1_122' title='bbox 1287 1715 1421 1778; x_wconf 88' lang='lat' dir='ltr'>talenta</span> <span class='ocrx_word' id='word_1_123' title='bbox 1432 1735 1458 1775; x_wconf 76' lang='lat' dir='ltr'>rs</span> 
     </span>
     <span class='ocr_line' id='line_1_17' title="bbox 300 1791 1527 1888; baseline -0.002 -20"><span class='ocrx_word' id='word_1_124' title='bbox 300 1805 488 1888; x_wconf 87' lang='lat' dir='ltr'>dampnum</span> <span class='ocrx_word' id='word_1_125' title='bbox 510 1805 664 1868; x_wconf 86' lang='lat' dir='ltr'>noscitur</span> <span class='ocrx_word' id='word_1_126' title='bbox 693 1804 886 1868; x_wconf 80' lang='lat' dir='ltr'>incurrisse.</span> <span class='ocrx_word' id='word_1_127' title='bbox 934 1803 1003 1868; x_wconf 83' lang='lat' dir='ltr'>Sed</span> <span class='ocrx_word' id='word_1_128' title='bbox 1031 1805 1109 1888; x_wconf 89' lang='lat' dir='ltr'>pius</span> <span class='ocrx_word' id='word_1_129' title='bbox 1133 1801 1237 1878; x_wconf 88' lang='lat' dir='ltr'>Deus,</span> <span class='ocrx_word' id='word_1_130' title='bbox 1262 1803 1330 1887; x_wconf 89' lang='lat' dir='ltr'>qui,</span> <span class='ocrx_word' id='word_1_131' title='bbox 1356 1803 1422 1867; x_wconf 90' lang='lat' dir='ltr'>etsi</span> <span class='ocrx_word' id='word_1_132' title='bbox 1432 1791 1527 1841; x_wconf 51' lang='grc' dir='ltr'>’Μ</span> 
     </span>
     <span class='ocr_line' id='line_1_18' title="bbox 300 1892 1422 1978; baseline -0.002 -22"><span class='ocrx_word' id='word_1_133' title='bbox 300 1894 487 1976; x_wconf 75' lang='lat' dir='ltr'>antiquiori</span> <span class='ocrx_word' id='word_1_134' title='bbox 515 1897 680 1978; x_wconf 89' lang='lat' dir='ltr'>tempore,</span> <span class='ocrx_word' id='word_1_135' title='bbox 712 1913 773 1977; x_wconf 90' lang='lat' dir='ltr'>per</span> <span class='ocrx_word' id='word_1_136' title='bbox 803 1913 935 1958; x_wconf 87' lang='lat' dir='ltr'>servum</span> <span class='ocrx_word' id='word_1_137' title='bbox 972 1913 1072 1956; x_wconf 91' lang='lat' dir='ltr'>suum</span> <span class='ocrx_word' id='word_1_138' title='bbox 1102 1892 1422 1957; x_wconf 78' lang='lat' dir='ltr'>Nabuchodonosor</span> 
     </span>
     <span class='ocr_line' id='line_1_19' title="bbox 299 1979 1420 2066; baseline -0.001 -21"><span class='ocrx_word' id='word_1_139' title='bbox 299 1982 502 2046; x_wconf 78' lang='lat' dir='ltr'>Israhelitas</span> <span class='ocrx_word' id='word_1_140' title='bbox 526 1985 561 2046; x_wconf 92' lang='lat' dir='ltr'>et</span> <span class='ocrx_word' id='word_1_141' title='bbox 583 2003 694 2066; x_wconf 88' lang='lat' dir='ltr'>nuper</span> <span class='ocrx_word' id='word_1_142' title='bbox 717 2003 777 2066; x_wconf 87' lang='lat' dir='ltr'>per</span> <span class='ocrx_word' id='word_1_143' title='bbox 799 1980 948 2045; x_wconf 84' lang='lat' dir='ltr'>Attilam</span> <span class='ocrx_word' id='word_1_144' title='bbox 971 1981 1158 2065; x_wconf 73' lang='lat' dir='ltr'>populum⁰</span> <span class='ocrx_word' id='word_1_145' title='bbox 1185 1979 1420 2045; x_wconf 80' lang='lat' dir='ltr'>Christianum</span> 
     </span>
     <span class='ocr_line' id='line_1_20' title="bbox 300 2043 1610 2276; baseline -0.002 -141"><span class='ocrx_word' id='word_1_146' title='bbox 300 2070 514 2154; x_wconf 89' lang='lat' dir='ltr'>aliquamdiu</span> <span class='ocrx_word' id='word_1_147' title='bbox 544 2071 733 2154; x_wconf 89' lang='lat' dir='ltr'>flagellavit</span> <span class='ocrx_word' id='word_1_148' title='bbox 742 2071 763 2147; x_wconf 68' lang='lat'>4,</span> <span class='ocrx_word' id='word_1_149' title='bbox 794 2070 921 2154; x_wconf 88' lang='lat' dir='ltr'>quique</span> <span class='ocrx_word' id='word_1_150' title='bbox 950 2070 1039 2134; x_wconf 89' lang='lat' dir='ltr'>tales</span> <span class='ocrx_word' id='word_1_151' title='bbox 1067 2071 1241 2134; x_wconf 87' lang='lat' dir='ltr'>ministros</span> <span class='ocrx_word' id='word_1_152' title='bbox 1265 2070 1421 2135; x_wconf 87' lang='lat' dir='ltr'>mercede</span> <span class='ocrx_word' id='word_1_153' title='bbox 1605 2043 1610 2276; x_wconf 58' lang='grc'>1</span> 
     </span>
    </p>

    <p class='ocr_par' dir='ltr' id='par_1_4' title="bbox 220 2158 1610 3309">
     <span class='ocr_line' id='line_1_21' title="bbox 220 2158 1461 2235; baseline -0.002 -11"><span class='ocrx_word' id='word_1_154' title='bbox 220 2171 231 2189; x_wconf 84' lang='grc'>”</span> <span class='ocrx_word' id='word_1_155' title='bbox 301 2159 605 2224; x_wconf 88' lang='lat' dir='ltr'>obsecundacionis</span> <span class='ocrx_word' id='word_1_156' title='bbox 636 2160 835 2224; x_wconf 90' lang='lat' dir='ltr'>huiusmodi</span> <span class='ocrx_word' id='word_1_157' title='bbox 863 2181 933 2223; x_wconf 90' lang='lat' dir='ltr'>non</span> <span class='ocrx_word' id='word_1_158' title='bbox 962 2159 1147 2235; x_wconf 78' lang='lat' dir='ltr'>fraudavit,</span> <span class='ocrx_word' id='word_1_159' title='bbox 1179 2158 1262 2223; x_wconf 89' lang='lat' dir='ltr'>licet</span> <span class='ocrx_word' id='word_1_160' title='bbox 1289 2159 1461 2222; x_wconf 80' lang='lat' dir='ltr'>duriciam</span> 
     </span>
     <span class='ocr_line' id='line_1_22' title="bbox 300 2247 1421 2333; baseline -0.001 -22"><span class='ocrx_word' id='word_1_161' title='bbox 300 2248 554 2333; x_wconf 78' lang='lat' dir='ltr'>Thuringorum</span> <span class='ocrx_word' id='word_1_162' title='bbox 578 2249 746 2314; x_wconf 87' lang='lat' dir='ltr'>hactenus</span> <span class='ocrx_word' id='word_1_163' title='bbox 763 2249 934 2313; x_wconf 80' lang='lat' dir='ltr'>cervicosa</span> <span class='ocrx_word' id='word_1_164' title='bbox 955 2248 1107 2332; x_wconf 89' lang='lat' dir='ltr'>ipsarum</span> <span class='ocrx_word' id='word_1_165' title='bbox 1131 2247 1197 2311; x_wconf 91' lang='lat' dir='ltr'>sibi</span> <span class='ocrx_word' id='word_1_166' title='bbox 1220 2248 1353 2311; x_wconf 86' lang='lat' dir='ltr'>auctrix</span> <span class='ocrx_word' id='word_1_167' title='bbox 1370 2267 1421 2312; x_wconf 84' lang='lat' dir='ltr'>ex·</span> 
     </span>
     <span class='ocr_line' id='line_1_23' title="bbox 299 2297 1610 2452; baseline -0.001 -51"><span class='ocrx_word' id='word_1_168' title='bbox 299 2337 413 2402; x_wconf 91' lang='lat' dir='ltr'>titerit</span> <span class='ocrx_word' id='word_1_169' title='bbox 437 2357 693 2421; x_wconf 85' lang='lat' dir='ltr'>erumpnarum:</span> <span class='ocrx_word' id='word_1_170' title='bbox 725 2331 790 2401; x_wconf 70' lang='lat' dir='ltr'>nef</span> <span class='ocrx_word' id='word_1_171' title='bbox 809 2341 927 2401; x_wconf 91' lang='lat' dir='ltr'>tamen</span> <span class='ocrx_word' id='word_1_172' title='bbox 957 2341 993 2401; x_wconf 87' lang='lat' dir='ltr'>et</span> <span class='ocrx_word' id='word_1_173' title='bbox 1020 2337 1070 2400; x_wconf 91' lang='lat' dir='ltr'>hii</span> <span class='ocrx_word' id='word_1_174' title='bbox 1094 2337 1230 2400; x_wconf 88' lang='lat' dir='ltr'>cruenti</span> <span class='ocrx_word' id='word_1_175' title='bbox 1253 2336 1422 2400; x_wconf 73' lang='lat' dir='ltr'>satellites</span> <span class='ocrx_word' id='word_1_176' title='bbox 1607 2297 1610 2452; x_wconf 59' lang='grc'>1</span> 
     </span>
     <span class='ocr_line' id='line_1_24' title="bbox 300 2425 1422 2511; baseline -0.002 -21"><span class='ocrx_word' id='word_1_177' title='bbox 300 2427 441 2511; x_wconf 89' lang='lat' dir='ltr'>impune</span> <span class='ocrx_word' id='word_1_178' title='bbox 476 2426 622 2491; x_wconf 90' lang='lat' dir='ltr'>evasisse</span> <span class='ocrx_word' id='word_1_179' title='bbox 657 2427 795 2510; x_wconf 87' lang='lat' dir='ltr'>penitus</span> <span class='ocrx_word' id='word_1_180' title='bbox 828 2425 1038 2502; x_wconf 86' lang='lat' dir='ltr'>viderentur,</span> <span class='ocrx_word' id='word_1_181' title='bbox 1074 2446 1150 2490; x_wconf 93' lang='lat' dir='ltr'>cum</span> <span class='ocrx_word' id='word_1_182' title='bbox 1190 2425 1257 2508; x_wconf 90' lang='lat' dir='ltr'>ipsi</span> <span class='ocrx_word' id='word_1_183' title='bbox 1289 2425 1422 2489; x_wconf 82' lang='lat' dir='ltr'>funesti</span> 
     </span>
     <span class='ocr_line' id='line_1_25' title="bbox 300 2514 1422 2598; baseline -0.001 -20"><span class='ocrx_word' id='word_1_184' title='bbox 300 2515 415 2579; x_wconf 91' lang='lat' dir='ltr'>nullas</span> <span class='ocrx_word' id='word_1_185' title='bbox 444 2517 612 2598; x_wconf 90' lang='lat' dir='ltr'>ponerent</span> <span class='ocrx_word' id='word_1_186' title='bbox 641 2514 829 2580; x_wconf 81' lang='lat' dir='ltr'>insolencia</span> <span class='ocrx_word' id='word_1_187' title='bbox 859 2535 919 2578; x_wconf 89' lang='lat' dir='ltr'>sue</span> <span class='ocrx_word' id='word_1_188' title='bbox 950 2517 1068 2593; x_wconf 88' lang='lat' dir='ltr'>metas,</span> <span class='ocrx_word' id='word_1_189' title='bbox 1092 2514 1183 2577; x_wconf 90' lang='lat' dir='ltr'>nulli</span> <span class='ocrx_word' id='word_1_190' title='bbox 1211 2514 1335 2578; x_wconf 89' lang='lat' dir='ltr'>honori</span> <span class='ocrx_word' id='word_1_191' title='bbox 1361 2534 1422 2578; x_wconf 88' lang='lat' dir='ltr'>seu</span> 
     </span>
     <span class='ocr_line' id='line_1_26' title="bbox 300 2603 1464 2687; baseline 0.001 -20"><span class='ocrx_word' id='word_1_192' title='bbox 300 2604 461 2687; x_wconf 86' lang='lat' dir='ltr'>religioni</span> <span class='ocrx_word' id='word_1_193' title='bbox 491 2603 676 2680; x_wconf 87' lang='lat' dir='ltr'>deferrent,</span> <span class='ocrx_word' id='word_1_194' title='bbox 700 2603 790 2666; x_wconf 92' lang='lat' dir='ltr'>nulli</span> <span class='ocrx_word' id='word_1_195' title='bbox 820 2603 906 2668; x_wconf 89' lang='lat' dir='ltr'>etati</span> <span class='ocrx_word' id='word_1_196' title='bbox 936 2603 1113 2667; x_wconf 90' lang='lat' dir='ltr'>miserieve</span> <span class='ocrx_word' id='word_1_197' title='bbox 1136 2606 1327 2687; x_wconf 88' lang='lat' dir='ltr'>parcerent,</span> <span class='ocrx_word' id='word_1_198' title='bbox 1351 2603 1464 2686; x_wconf 76' lang='lat' dir='ltr'>qui-rs</span> 
     </span>
     <span class='ocr_line' id='line_1_27' title="bbox 301 2692 1421 2776; baseline -0.002 -19"><span class='ocrx_word' id='word_1_199' title='bbox 301 2693 446 2757; x_wconf 89' lang='lat' dir='ltr'>busdam</span> <span class='ocrx_word' id='word_1_200' title='bbox 471 2713 512 2757; x_wconf 86' lang='lat' dir='ltr'>ex</span> <span class='ocrx_word' id='word_1_201' title='bbox 536 2693 776 2776; x_wconf 88' lang='lat' dir='ltr'>desperacione</span> <span class='ocrx_word' id='word_1_202' title='bbox 800 2713 913 2757; x_wconf 87' lang='lat' dir='ltr'>rernm</span> <span class='ocrx_word' id='word_1_203' title='bbox 938 2692 991 2755; x_wconf 91' lang='lat' dir='ltr'>vel</span> <span class='ocrx_word' id='word_1_204' title='bbox 1010 2692 1081 2756; x_wconf 90' lang='lat' dir='ltr'>vite</span> <span class='ocrx_word' id='word_1_205' title='bbox 1104 2692 1267 2755; x_wconf 90' lang='lat' dir='ltr'>fiduciam</span> <span class='ocrx_word' id='word_1_206' title='bbox 1290 2713 1421 2757; x_wconf 91' lang='lat' dir='ltr'>sumen-</span> 
     </span>
     <span class='ocr_line' id='line_1_28' title="bbox 301 2773 1422 2864; baseline -0.001 -19"><span class='ocrx_word' id='word_1_207' title='bbox 301 2781 405 2857; x_wconf 91' lang='lat' dir='ltr'>tibus,</span> <span class='ocrx_word' id='word_1_208' title='bbox 430 2785 473 2845; x_wconf 70' lang='lat' dir='ltr'>ass</span> <span class='ocrx_word' id='word_1_209' title='bbox 498 2781 675 2845; x_wconf 86' lang='lat' dir='ltr'>nonnullis</span> <span class='ocrx_word' id='word_1_210' title='bbox 705 2781 814 2845; x_wconf 91' lang='lat' dir='ltr'>eciam</span> <span class='ocrx_word' id='word_1_211' title='bbox 844 2773 1063 2844; x_wconf 80' lang='lat' dir='ltr'>castellanisll</span> <span class='ocrx_word' id='word_1_212' title='bbox 1090 2780 1283 2864; x_wconf 83' lang='lat' dir='ltr'>lantgravio</span> <span class='ocrx_word' id='word_1_213' title='bbox 1307 2781 1422 2845; x_wconf 81' lang='lat' dir='ltr'>faven-</span> 
     </span>
     <span class='ocr_line' id='line_1_29' title="bbox 300 2863 1422 2954; baseline -0.001 -20"><span class='ocrx_word' id='word_1_214' title='bbox 300 2870 404 2946; x_wconf 88' lang='lat' dir='ltr'>tibus,</span> <span class='ocrx_word' id='word_1_215' title='bbox 430 2873 465 2934; x_wconf 89' lang='lat' dir='ltr'>et</span> <span class='ocrx_word' id='word_1_216' title='bbox 488 2890 633 2953; x_wconf 91' lang='lat' dir='ltr'>quorum</span> <span class='ocrx_word' id='word_1_217' title='bbox 655 2889 710 2934; x_wconf 90' lang='lat' dir='ltr'>res</span> <span class='ocrx_word' id='word_1_218' title='bbox 734 2863 789 2933; x_wconf 72' lang='lat' dir='ltr'>aci</span> <span class='ocrx_word' id='word_1_219' title='bbox 823 2869 978 2933; x_wconf 89' lang='lat' dir='ltr'>homines</span> <span class='ocrx_word' id='word_1_220' title='bbox 1006 2863 1291 2954; x_wconf 66' lang='lat' dir='ltr'>diripiebanturk,</span> <span class='ocrx_word' id='word_1_221' title='bbox 1315 2870 1422 2953; x_wconf 91' lang='lat' dir='ltr'>impu-</span> 
     </span>
     <span class='ocr_line' id='line_1_30' title="bbox 302 2957 1422 3041; baseline -0.002 -18"><span class='ocrx_word' id='word_1_222' title='bbox 302 2959 371 3023; x_wconf 87' lang='lat' dir='ltr'>dici</span> <span class='ocrx_word' id='word_1_223' title='bbox 401 2959 556 3023; x_wconf 89' lang='lat' dir='ltr'>bomines</span> <span class='ocrx_word' id='word_1_224' title='bbox 585 2957 784 3041; x_wconf 84' lang='lat' dir='ltr'>vagabundi</span> <span class='ocrx_word' id='word_1_225' title='bbox 813 2958 938 3041; x_wconf 89' lang='lat' dir='ltr'>passim</span> <span class='ocrx_word' id='word_1_226' title='bbox 969 2958 1232 3032; x_wconf 89' lang='lat' dir='ltr'>invadebantur,</span> <span class='ocrx_word' id='word_1_227' title='bbox 1258 2958 1422 3023; x_wconf 90' lang='lat' dir='ltr'>cedeban-</span> 
     </span>
     <span class='ocr_line' id='line_1_31' title="bbox 302 3041 1464 3124; baseline 0.002 -14"><span class='ocrx_word' id='word_1_228' title='bbox 302 3051 370 3124; x_wconf 91' lang='lat' dir='ltr'>tur,</span> <span class='ocrx_word' id='word_1_229' title='bbox 395 3046 664 3122; x_wconf 87' lang='lat' dir='ltr'>abducebantur,</span> <span class='ocrx_word' id='word_1_230' title='bbox 697 3049 733 3111; x_wconf 90' lang='lat' dir='ltr'>et</span> <span class='ocrx_word' id='word_1_231' title='bbox 763 3047 891 3111; x_wconf 90' lang='lat' dir='ltr'>crebris</span> <span class='ocrx_word' id='word_1_232' title='bbox 913 3041 1141 3122; x_wconf 75' lang='lat' dir='ltr'>incursibusl,</span> <span class='ocrx_word' id='word_1_233' title='bbox 1167 3046 1250 3111; x_wconf 90' lang='lat' dir='ltr'>licet</span> <span class='ocrx_word' id='word_1_234' title='bbox 1272 3047 1421 3124; x_wconf 87' lang='lat' dir='ltr'>furtivis,</span> <span class='ocrx_word' id='word_1_235' title='bbox 1434 3073 1464 3114; x_wconf 77' lang='lat' dir='ltr'>ao</span> 
     </span>
     <span class='ocr_line' id='line_1_32' title="bbox 303 3135 1423 3221; baseline 0 -21"><span class='ocrx_word' id='word_1_236' title='bbox 303 3137 417 3221; x_wconf 91' lang='lat' dir='ltr'>regius</span> <span class='ocrx_word' id='word_1_237' title='bbox 441 3137 610 3200; x_wconf 84' lang='lat' dir='ltr'>exereitus</span> <span class='ocrx_word' id='word_1_238' title='bbox 636 3135 898 3200; x_wconf 72' lang='lat' dir='ltr'>minuebaturm.</span> <span class='ocrx_word' id='word_1_239' title='bbox 945 3136 1086 3200; x_wconf 81' lang='lat' dir='ltr'>Dicitur</span> <span class='ocrx_word' id='word_1_240' title='bbox 1107 3135 1224 3212; x_wconf 89' lang='lat' dir='ltr'>eciam,</span> <span class='ocrx_word' id='word_1_241' title='bbox 1250 3138 1286 3200; x_wconf 88' lang='lat' dir='ltr'>et</span> <span class='ocrx_word' id='word_1_242' title='bbox 1309 3137 1423 3200; x_wconf 91' lang='lat' dir='ltr'>adhuc</span> 
     </span>
     <span class='ocr_line' id='line_1_33' title="bbox 301 3223 1419 3309; baseline -0.001 -19"><span class='ocrx_word' id='word_1_243' title='bbox 301 3225 462 3309; x_wconf 87' lang='lat' dir='ltr'>vulgares</span> <span class='ocrx_word' id='word_1_244' title='bbox 478 3225 631 3289; x_wconf 88' lang='lat' dir='ltr'>clamant</span> <span class='ocrx_word' id='word_1_245' title='bbox 646 3224 819 3290; x_wconf 87' lang='lat' dir='ltr'>cantilene</span> <span class='ocrx_word' id='word_1_246' title='bbox 829 3224 850 3302; x_wconf 80' lang='lat'>⁵,</span> <span class='ocrx_word' id='word_1_247' title='bbox 864 3223 1048 3288; x_wconf 89' lang='lat' dir='ltr'>nonnullos</span> <span class='ocrx_word' id='word_1_248' title='bbox 1064 3224 1233 3289; x_wconf 91' lang='lat' dir='ltr'>nobilium</span> <span class='ocrx_word' id='word_1_249' title='bbox 1247 3225 1289 3290; x_wconf 91' lang='lat' dir='ltr'>de</span> <span class='ocrx_word' id='word_1_250' title='bbox 1300 3223 1419 3289; x_wconf 86' lang='lat' dir='ltr'>ch0¹¹</span> 
     </span>
    </p>
   </div>
   <div class='ocr_carea' id='block_1_3' title="bbox 299 3447 1463 3766">
    <p class='ocr_par' dir='ltr' id='par_1_5' title="bbox 299 3447 1463 3766">
     <span class='ocr_line' id='line_1_34' title="bbox 303 3447 1425 3500; baseline 0.001 -13"><span class='ocrx_word' id='word_1_251' title='bbox 303 3451 325 3496; x_wconf 80' lang='grc' dir='ltr'>ι)</span> <span class='ocrx_word' id='word_1_252' title='bbox 341 3459 381 3492; x_wconf 83' lang='lat' dir='ltr'>om.</span> <span class='ocrx_word' id='word_1_253' title='bbox 395 3447 454 3490; x_wconf 70' lang='grc' dir='ltr'>Μ.</span> <span class='ocrx_word' id='word_1_254' title='bbox 470 3449 498 3494; x_wconf 85' lang='lat' dir='ltr'>N.</span> <span class='ocrx_word' id='word_1_255' title='bbox 551 3447 575 3500; x_wconf 90' lang='lat' dir='ltr'>b)</span> <span class='ocrx_word' id='word_1_256' title='bbox 589 3460 648 3489; x_wconf 89' lang='lat' dir='ltr'>nunc</span> <span class='ocrx_word' id='word_1_257' title='bbox 662 3450 702 3490; x_wconf 84' lang='lat' dir='ltr'>hec</span> <span class='ocrx_word' id='word_1_258' title='bbox 716 3448 750 3493; x_wconf 78' lang='lat'>2¹².</span> <span class='ocrx_word' id='word_1_259' title='bbox 804 3451 914 3500; x_wconf 58' lang='lat' dir='ltr'>elsio&amp;</span> <span class='ocrx_word' id='word_1_260' title='bbox 928 3451 1021 3490; x_wconf 79' lang='lat' dir='ltr'>fuerunt</span> <span class='ocrx_word' id='word_1_261' title='bbox 1035 3453 1053 3493; x_wconf 90' lang='lat'>1.</span> <span class='ocrx_word' id='word_1_262' title='bbox 1067 3449 1125 3493; x_wconf 63' lang='lat' dir='ltr'>aas,</span> <span class='ocrx_word' id='word_1_263' title='bbox 1179 3447 1425 3500; x_wconf 77' lang='lat' dir='ltr'>d)msncbanteudem</span> 
     </span>
     <span class='ocr_line' id='line_1_35' title="bbox 303 3503 1425 3554; baseline 0.001 -13"><span class='ocrx_word' id='word_1_264' title='bbox 303 3513 371 3542; x_wconf 77' lang='lat' dir='ltr'>manu</span> <span class='ocrx_word' id='word_1_265' title='bbox 385 3513 442 3544; x_wconf 84' lang='lat' dir='ltr'>corr.</span> <span class='ocrx_word' id='word_1_266' title='bbox 456 3513 562 3545; x_wconf 72' lang='lat' dir='ltr'>commen.</span> <span class='ocrx_word' id='word_1_267' title='bbox 577 3506 596 3552; x_wconf 88' lang='lat'>1,</span> <span class='ocrx_word' id='word_1_268' title='bbox 619 3507 637 3541; x_wconf 72' lang='lat' dir='ltr'>ei</span> <span class='ocrx_word' id='word_1_269' title='bbox 652 3504 683 3542; x_wconf 75' lang='lat' dir='ltr'>ito</span> <span class='ocrx_word' id='word_1_270' title='bbox 702 3503 724 3547; x_wconf 85' lang='lat' dir='ltr'>l&#39;.</span> <span class='ocrx_word' id='word_1_271' title='bbox 792 3505 813 3552; x_wconf 85' lang='lat' dir='ltr'>c)</span> <span class='ocrx_word' id='word_1_272' title='bbox 834 3505 880 3546; x_wconf 85' lang='lat' dir='ltr'>chr.</span> <span class='ocrx_word' id='word_1_273' title='bbox 894 3515 947 3554; x_wconf 85' lang='lat' dir='ltr'>pop.</span> <span class='ocrx_word' id='word_1_274' title='bbox 963 3505 991 3545; x_wconf 80' lang='lat' dir='ltr'>R.</span> <span class='ocrx_word' id='word_1_275' title='bbox 1057 3505 1172 3553; x_wconf 76' lang='lat' dir='ltr'>ovetum</span> <span class='ocrx_word' id='word_1_276' title='bbox 1186 3514 1214 3542; x_wconf 87' lang='lat' dir='ltr'>nc</span> <span class='ocrx_word' id='word_1_277' title='bbox 1228 3509 1244 3545; x_wconf 85' lang='lat' dir='ltr'>t.</span> <span class='ocrx_word' id='word_1_278' title='bbox 1258 3503 1318 3551; x_wconf 68' lang='grc' dir='ltr'>Μ,</span> <span class='ocrx_word' id='word_1_279' title='bbox 1340 3504 1425 3543; x_wconf 65' lang='lat' dir='ltr'>oreimis</span> 
     </span>
     <span class='ocr_line' id='line_1_36' title="bbox 299 3555 1463 3608; baseline 0.001 -14"><span class='ocrx_word' id='word_1_280' title='bbox 299 3556 482 3606; x_wconf 71' lang='lat' dir='ltr'>praecedentibus.</span> <span class='ocrx_word' id='word_1_281' title='bbox 545 3558 567 3606; x_wconf 71' lang='lat' dir='ltr'>g)</span> <span class='ocrx_word' id='word_1_282' title='bbox 588 3555 681 3599; x_wconf 67' lang='lat' dir='ltr'>tuon&#39;n.</span> <span class='ocrx_word' id='word_1_283' title='bbox 694 3577 720 3586; x_wconf 92' lang='lat'><em>-</em></span> <span class='ocrx_word' id='word_1_284' title='bbox 734 3557 859 3598; x_wconf 69' lang='lat' dir='ltr'>faventibus</span> <span class='ocrx_word' id='word_1_285' title='bbox 880 3569 921 3600; x_wconf 85' lang='lat' dir='ltr'>om.</span> <span class='ocrx_word' id='word_1_286' title='bbox 936 3561 955 3608; x_wconf 84' lang='lat' dir='ltr'>l,</span> <span class='ocrx_word' id='word_1_287' title='bbox 974 3558 1075 3606; x_wconf 67' lang='lat' dir='ltr'>leguntur</span> <span class='ocrx_word' id='word_1_288' title='bbox 1092 3559 1115 3596; x_wconf 83' lang='lat' dir='ltr'>r&#39;n</span> <span class='ocrx_word' id='word_1_289' title='bbox 1130 3555 1188 3598; x_wconf 64' lang='grc' dir='ltr'>Μ.</span> <span class='ocrx_word' id='word_1_290' title='bbox 1203 3557 1229 3598; x_wconf 83' lang='lat' dir='ltr'>R.</span> <span class='ocrx_word' id='word_1_291' title='bbox 1244 3557 1325 3596; x_wconf 70' lang='lat' dir='ltr'>Lem</span> <span class='ocrx_word' id='word_1_292' title='bbox 1336 3557 1382 3605; x_wconf 79' lang='lat' dir='ltr'>(uti</span> <span class='ocrx_word' id='word_1_293' title='bbox 1396 3555 1463 3596; x_wconf 71' lang='lat' dir='ltr'>auen</span> 
     </span>
     <span class='ocr_line' id='line_1_37' title="bbox 303 3607 1425 3660; baseline 0.004 -12"><span class='ocrx_word' id='word_1_294' title='bbox 303 3609 416 3657; x_wconf 72' lang='lat' dir='ltr'>aliquibus</span> <span class='ocrx_word' id='word_1_295' title='bbox 430 3607 499 3660; x_wconf 68' lang='lat' dir='ltr'>cast).</span> <span class='ocrx_word' id='word_1_296' title='bbox 540 3610 564 3657; x_wconf 87' lang='lat' dir='ltr'>b)</span> <span class='ocrx_word' id='word_1_297' title='bbox 578 3608 716 3650; x_wconf 80' lang='lat' dir='ltr'>Theoderico</span> <span class='ocrx_word' id='word_1_298' title='bbox 730 3611 781 3654; x_wconf 80' lang='lat' dir='ltr'>add.</span> <span class='ocrx_word' id='word_1_299' title='bbox 791 3611 824 3659; x_wconf 81' lang='lat' dir='ltr'>B,·</span> <span class='ocrx_word' id='word_1_300' title='bbox 837 3609 959 3652; x_wconf 75' lang='lat' dir='ltr'>Frederlco</span> <span class='ocrx_word' id='word_1_301' title='bbox 973 3612 1024 3654; x_wconf 78' lang='lat' dir='ltr'>odd.</span> <span class='ocrx_word' id='word_1_302' title='bbox 1033 3611 1125 3658; x_wconf 66' lang='grc' dir='ltr'><em>ΙΑῙῙῙ,·</em></span> <span class='ocrx_word' id='word_1_303' title='bbox 1139 3611 1322 3660; x_wconf 66' lang='lat' dir='ltr'>utrumquem</span> <span class='ocrx_word' id='word_1_304' title='bbox 1336 3613 1355 3649; x_wconf 91' lang='lat'>1.</span> <span class='ocrx_word' id='word_1_305' title='bbox 1367 3608 1425 3653; x_wconf 54' lang='lat'>2¹¹³.</span> 
     </span>
     <span class='ocr_line' id='line_1_38' title="bbox 303 3661 1426 3766; baseline 0.004 -65"><span class='ocrx_word' id='word_1_306' title='bbox 303 3661 446 3766; x_wconf 51' lang='lat' dir='ltr'>l))1c³th²⁸·b.k</span> <span class='ocrx_word' id='word_1_307' title='bbox 463 3717 471 3754; x_wconf 59' lang='grc' dir='ltr'><em>ι</em></span> <span class='ocrx_word' id='word_1_308' title='bbox 492 3661 539 3755; x_wconf 80' lang='lat' dir='ltr'>1ir)</span> <span class='ocrx_word' id='word_1_309' title='bbox 560 3661 709 3713; x_wconf 70' lang='lat' dir='ltr'>diripiebatur</span> <span class='ocrx_word' id='word_1_310' title='bbox 722 3665 754 3707; x_wconf 77' lang='lat'>2¹.</span> <span class='ocrx_word' id='word_1_311' title='bbox 827 3665 843 3716; x_wconf 86' lang='lat' dir='ltr'>l)</span> <span class='ocrx_word' id='word_1_312' title='bbox 864 3665 1027 3705; x_wconf 79' lang='lat' dir='ltr'>incursionibus</span> <span class='ocrx_word' id='word_1_313' title='bbox 1041 3665 1072 3708; x_wconf 71' lang='lat'>2¹.</span> <span class='ocrx_word' id='word_1_314' title='bbox 1152 3663 1183 3716; x_wconf 88' lang='lat' dir='ltr'>m)</span> <span class='ocrx_word' id='word_1_315' title='bbox 1203 3664 1378 3703; x_wconf 70' lang='lat' dir='ltr'>imminuebatur</span> <span class='ocrx_word' id='word_1_316' title='bbox 1392 3661 1426 3706; x_wconf 60' lang='lat'>2⁵.</span> 
     </span>
     <span class='ocr_line' id='line_1_39' title="bbox 303 3727 511 3760; baseline 0.024 -5"><span class='ocrx_word' id='word_1_317' title='bbox 303 3727 317 3755; x_wconf 88' lang='lat' dir='ltr'>n</span> <span class='ocrx_word' id='word_1_318' title='bbox 377 3727 419 3756; x_wconf 84' lang='lat' dir='ltr'>eno</span> <span class='ocrx_word' id='word_1_319' title='bbox 448 3747 477 3758; x_wconf 84' lang='lat'>..</span> <span class='ocrx_word' id='word_1_320' title='bbox 505 3746 511 3760; x_wconf 85' lang='lat'><strong>.</strong></span> 
     </span>
    </p>
   </div>
   <div class='ocr_carea' id='block_1_4' title="bbox 303 3911 1464 4334">
    <p class='ocr_par' dir='ltr' id='par_1_6' title="bbox 303 3911 1464 4334">
     <span class='ocr_line' id='line_1_40' title="bbox 306 3911 1425 3980; baseline 0 -14"><span class='ocrx_word' id='word_1_321' title='bbox 306 3912 332 3980; x_wconf 92' lang='grc'>1)</span> <span class='ocrx_word' id='word_1_322' title='bbox 350 3911 391 3976; x_wconf 79' lang='lat' dir='ltr'>Cf.</span> <span class='ocrx_word' id='word_1_323' title='bbox 410 3926 516 3964; x_wconf 76' lang='lat' dir='ltr'>carmen</span> <span class='ocrx_word' id='word_1_324' title='bbox 542 3911 683 3963; x_wconf 66' lang='lat' dir='ltr'>leudam</span> <span class='ocrx_word' id='word_1_325' title='bbox 708 3928 730 3968; x_wconf 87' lang='lat' dir='ltr'>o.</span> <span class='ocrx_word' id='word_1_326' title='bbox 751 3915 878 3968; x_wconf 90' lang='grc'>18-24.</span> <span class='ocrx_word' id='word_1_327' title='bbox 915 3911 1008 3964; x_wconf 73' lang='lat' dir='ltr'>aream</span> <span class='ocrx_word' id='word_1_328' title='bbox 1026 3913 1096 3977; x_wconf 78' lang='lat' dir='ltr'>Sifr.</span> <span class='ocrx_word' id='word_1_329' title='bbox 1121 3912 1137 3964; x_wconf 87' lang='lat' dir='ltr'>l.</span> <span class='ocrx_word' id='word_1_330' title='bbox 1158 3913 1176 3966; x_wconf 88' lang='lat' dir='ltr'>l.</span> <span class='ocrx_word' id='word_1_331' title='bbox 1202 3913 1305 3964; x_wconf 78' lang='lat' dir='ltr'>similia</span> <span class='ocrx_word' id='word_1_332' title='bbox 1330 3913 1425 3966; x_wconf 78' lang='lat' dir='ltr'>tradit.</span> 
     </span>
     <span class='ocr_line' id='line_1_41' title="bbox 303 3981 1464 4052; baseline -0.002 -14"><span class='ocrx_word' id='word_1_333' title='bbox 303 3983 331 4049; x_wconf 86' lang='grc'>2)</span> <span class='ocrx_word' id='word_1_334' title='bbox 351 3983 465 4035; x_wconf 77' lang='lat' dir='ltr'>Carmen</span> <span class='ocrx_word' id='word_1_335' title='bbox 483 3999 506 4036; x_wconf 88' lang='lat' dir='ltr'>o.</span> <span class='ocrx_word' id='word_1_336' title='bbox 518 3985 566 4037; x_wconf 81' lang='lat'>52:</span> <span class='ocrx_word' id='word_1_337' title='bbox 586 3981 628 4036; x_wconf 90' lang='lat' dir='ltr'>Da</span> <span class='ocrx_word' id='word_1_338' title='bbox 641 3981 730 4035; x_wconf 82' lang='lat' dir='ltr'>Oristo</span> <span class='ocrx_word' id='word_1_339' title='bbox 749 3981 875 4052; x_wconf 83' lang='lat' dir='ltr'>grandes,</span> <span class='ocrx_word' id='word_1_340' title='bbox 894 3981 1023 4036; x_wconf 86' lang='lat' dir='ltr'>Erlordia</span> <span class='ocrx_word' id='word_1_341' title='bbox 1040 3983 1125 4052; x_wconf 86' lang='lat' dir='ltr'>regia,</span> <span class='ocrx_word' id='word_1_342' title='bbox 1144 3982 1245 4038; x_wconf 86' lang='lat' dir='ltr'>laudes.</span> <span class='ocrx_word' id='word_1_343' title='bbox 1308 3984 1336 4050; x_wconf 85' lang='lat'>3)</span> <span class='ocrx_word' id='word_1_344' title='bbox 1359 3984 1464 4036; x_wconf 67' lang='lat' dir='ltr'>cer-4⁰</span> 
     </span>
     <span class='ocr_line' id='line_1_42' title="bbox 304 4053 1426 4120; baseline 0.002 -16"><span class='ocrx_word' id='word_1_345' title='bbox 304 4053 409 4106; x_wconf 78' lang='lat' dir='ltr'>bardus</span> <span class='ocrx_word' id='word_1_346' title='bbox 433 4071 459 4108; x_wconf 84' lang='lat' dir='ltr'>a.</span> <span class='ocrx_word' id='word_1_347' title='bbox 477 4054 554 4109; x_wconf 79' lang='lat'>1294.</span> <span class='ocrx_word' id='word_1_348' title='bbox 579 4053 632 4109; x_wconf 78' lang='lat' dir='ltr'>cer.</span> <span class='ocrx_word' id='word_1_349' title='bbox 647 4056 688 4110; x_wconf 80' lang='lat'>16.</span> <span class='ocrx_word' id='word_1_350' title='bbox 713 4055 864 4119; x_wconf 76' lang='lat' dir='ltr'>Ersordioe</span> <span class='ocrx_word' id='word_1_351' title='bbox 882 4055 981 4108; x_wconf 76' lang='lat' dir='ltr'>civibus</span> <span class='ocrx_word' id='word_1_352' title='bbox 998 4061 1101 4106; x_wconf 66' lang='lat' dir='ltr'>ramam</span> <span class='ocrx_word' id='word_1_353' title='bbox 1120 4055 1206 4118; x_wconf 58' lang='lat' dir='ltr'>dade·</span> <span class='ocrx_word' id='word_1_354' title='bbox 1231 4055 1326 4120; x_wconf 78' lang='lat' dir='ltr'>Beyer,</span> <span class='ocrx_word' id='word_1_355' title='bbox 1347 4054 1426 4108; x_wconf 65' lang='lat' dir='ltr'>‘Uli&#39;</span> 
     </span>
     <span class='ocr_line' id='line_1_43' title="bbox 304 4123 1427 4194; baseline -0.003 -14"><span class='ocrx_word' id='word_1_356' title='bbox 304 4123 328 4191; x_wconf 84' lang='lat' dir='ltr'>I,</span> <span class='ocrx_word' id='word_1_357' title='bbox 350 4141 379 4191; x_wconf 81' lang='lat' dir='ltr'>p.</span> <span class='ocrx_word' id='word_1_358' title='bbox 399 4127 451 4181; x_wconf 86' lang='grc'>297</span> <span class='ocrx_word' id='word_1_359' title='bbox 470 4141 517 4191; x_wconf 62' lang='lat' dir='ltr'>se,</span> <span class='ocrx_word' id='word_1_360' title='bbox 541 4140 585 4178; x_wconf 75' lang='lat' dir='ltr'>nr.</span> <span class='ocrx_word' id='word_1_361' title='bbox 604 4127 665 4181; x_wconf 80' lang='lat'>436.</span> <span class='ocrx_word' id='word_1_362' title='bbox 737 4127 766 4194; x_wconf 92' lang='grc'>4)</span> <span class='ocrx_word' id='word_1_363' title='bbox 786 4127 829 4190; x_wconf 78' lang='lat' dir='ltr'>Of.</span> <span class='ocrx_word' id='word_1_364' title='bbox 851 4142 957 4178; x_wconf 68' lang='lat' dir='ltr'>cannen</span> <span class='ocrx_word' id='word_1_365' title='bbox 982 4126 1122 4179; x_wconf 64' lang='lat' dir='ltr'>mactatum</span> <span class='ocrx_word' id='word_1_366' title='bbox 1147 4143 1169 4182; x_wconf 83' lang='lat' dir='ltr'>v.</span> <span class='ocrx_word' id='word_1_367' title='bbox 1188 4129 1231 4181; x_wconf 81' lang='grc'>42.</span> <span class='ocrx_word' id='word_1_368' title='bbox 1305 4127 1333 4194; x_wconf 83' lang='grc'>5)</span> <span class='ocrx_word' id='word_1_369' title='bbox 1354 4125 1427 4190; x_wconf 72' lang='lat' dir='ltr'>Quae</span> 
     </span>
     <span class='ocr_line' id='line_1_44' title="bbox 304 4195 1429 4265; baseline 0.002 -19"><span class='ocrx_word' id='word_1_370' title='bbox 304 4202 419 4263; x_wconf 61' lang='lat' dir='ltr'>exuant,</span> <span class='ocrx_word' id='word_1_371' title='bbox 437 4196 471 4250; x_wconf 85' lang='lat' dir='ltr'>R.</span> <span class='ocrx_word' id='word_1_372' title='bbox 484 4211 506 4248; x_wconf 84' lang='lat' dir='ltr'>o.</span> <span class='ocrx_word' id='word_1_373' title='bbox 520 4195 681 4262; x_wconf 75' lang='lat' dir='ltr'>Liliencron,</span> <span class='ocrx_word' id='word_1_374' title='bbox 703 4197 762 4248; x_wconf 86' lang='lat' dir='ltr'>‘Die</span> <span class='ocrx_word' id='word_1_375' title='bbox 781 4197 874 4251; x_wconf 63' lang='lat' dir='ltr'>testor.</span> <span class='ocrx_word' id='word_1_376' title='bbox 891 4196 1103 4263; x_wconf 73' lang='lat' dir='ltr'>Volkslicdcr&#39;l,</span> <span class='ocrx_word' id='word_1_377' title='bbox 1122 4213 1152 4264; x_wconf 78' lang='lat' dir='ltr'>p.</span> <span class='ocrx_word' id='word_1_378' title='bbox 1167 4201 1230 4265; x_wconf 77' lang='lat' dir='ltr'>ilcp.</span> <span class='ocrx_word' id='word_1_379' title='bbox 1255 4196 1326 4256; x_wconf 80' lang='lat' dir='ltr'>(Iob.</span> <span class='ocrx_word' id='word_1_380' title='bbox 1342 4197 1429 4249; x_wconf 79' lang='lat' dir='ltr'>Bothe</span> 
     </span>
     <span class='ocr_line' id='line_1_45' title="bbox 303 4265 939 4334; baseline 0.002 -17"><span class='ocrx_word' id='word_1_381' title='bbox 303 4282 325 4320; x_wconf 85' lang='lat' dir='ltr'>c.</span> <span class='ocrx_word' id='word_1_382' title='bbox 344 4269 405 4332; x_wconf 81' lang='lat'>566,</span> <span class='ocrx_word' id='word_1_383' title='bbox 430 4267 468 4321; x_wconf 81' lang='lat' dir='ltr'>ed.</span> <span class='ocrx_word' id='word_1_384' title='bbox 487 4265 521 4317; x_wconf 88' lang='lat' dir='ltr'>R.</span> <span class='ocrx_word' id='word_1_385' title='bbox 539 4283 562 4320; x_wconf 84' lang='lat' dir='ltr'>o.</span> <span class='ocrx_word' id='word_1_386' title='bbox 581 4266 736 4320; x_wconf 79' lang='lat' dir='ltr'>Lilicncron</span> <span class='ocrx_word' id='word_1_387' title='bbox 756 4285 786 4334; x_wconf 84' lang='lat' dir='ltr'>p.</span> <span class='ocrx_word' id='word_1_388' title='bbox 805 4271 857 4323; x_wconf 78' lang='lat'>477</span> <span class='ocrx_word' id='word_1_389' title='bbox 870 4272 939 4334; x_wconf 65' lang='lat' dir='ltr'>sp).-</span> 
     </span>
    </p>
   </div>
   <div class='ocr_carea' id='block_1_5' title="bbox 0 0 1632 4858">
    <p class='ocr_par' dir='ltr' id='par_1_7' title="bbox 0 0 1632 4858">
     <span class='ocr_line' id='line_1_46' title="bbox 0 0 1632 4858; baseline 0 0"><span class='ocrx_word' id='word_1_390' title='bbox 0 0 1632 4858; x_wconf 95' lang='lat' dir='ltr'> </span> 
     </span>
    </p>
   </div>
  </div>
 </body>
</html>
