3248 4856
382 439 574 494 CRONICAE
592 439 758 496 MINORIS
777 439 1039 498 CONTINUATIO
1058 441 1082 500 1.
1243 447 1297 502 673
1398 523 1400 528 ι

178 647 253 689 rum
294 645 372 688 oum
406 623 633 687 multitudine
668 624 780 708 gravi,
812 624 1031 709 subiugavit⁸
1062 625 1128 690 sibi
1157 627 1295 692 Terram

178 714 350 790 Sanctam,
376 733 478 796 quam
502 712 653 776 salrator
675 717 792 777 noster
814 707 972 798 propriob
992 716 1160 798 sanguine
1184 737 1296 782 conse·

179 803 296 880 crevit,
320 801 483 866 videlicet
514 800 737 880 Ierusalem&
769 801 952 881 Nazareth,
977 803 1168 882 Bethleem,
1193 803 1296 869 Beth-

177 885 291 976 fagc‘¹‚
317 890 537 976 sepulchrum
561 890 711 968 Domini,
743 895 896 955 montem
920 892 1021 976 Syon,
1052 896 1204 958 montem
1229 892 1296 958 Oli·

156 981 282 1057 sveti0,
308 983 460 1045 montem
483 978 631 1056 Thabor,
657 973 849 1044 Galileamf
875 983 985 1044 totam
1017 984 1052 1045 et
1075 1002 1168 1046 mare
1191 981 1296 1066 Tybe-

177 1070 283 1134 riadis
306 1090 384 1133 cum
401 1068 560 1132 omnibus
584 1068 782 1132 civitatibus
805 1069 886 1146 suis,
910 1068 1070 1134 Ierichol
1089 1091 1166 1134 cum
1191 1072 1295 1135 omni·

179 1159 241 1223 bus
265 1157 480 1236 suburbanis,
506 1156 686 1222 Cesaream
702 1150 890 1242 Philippii,
915 1158 1020 1222 aliam
1043 1179 1179 1242 quoque
1199 1158 1296 1245 Cesa-

177 1268 272 1312 ream
306 1246 481 1311 Palestine
514 1249 549 1311 et
580 1245 650 1310 alia
683 1246 795 1310 multa
805 1247 825 1323 1,
857 1247 981 1330 quibus
1017 1248 1215 1312 dominatur
1246 1248 1414 1315 *atara

179 1336 340 1421 possidet,
372 1335 586 1400 constituens
615 1335 653 1398 in
683 1335 731 1400 eis
759 1336 957 1420 capitaneos
981 1340 1016 1401 et
1040 1337 1199 1402 custodes
1223 1337 1296 1402 Sar·

143 1445 328 1502 amoenos,
345 1424 422 1488 loca
438 1424 653 1488 sanctissima
668 1424 738 1488 suis
754 1417 950 1508 spurciciis¹
969 1426 1236 1510 prophanantes,
1255 1429 1296 1490 ut

179 1515 263 1580 heul
288 1513 357 1578 dici
380 1513 504 1597 possit:
535 1512 641 1577 Facta
667 1518 713 1577 est
734 1510 931 1577 Ierusalem⁰
959 1512 1052 1594 quasi
1067 1515 1192 1596 pollata
1213 1535 1296 1579 mea·
1307 1535 1383 1577 aaron.
1391 1533 1438 1580 1‚1.

178 1601 277 1667 strata
298 1601 384 1666 iata·
401 1595 486 1666 eosk.
523 1600 624 1685 Cepit
647 1622 782 1684 quoquc
806 1605 842 1666 et
865 1602 1062 1686 perfodiens
1086 1605 1296 1688 expugnavit
1306 1624 1384 1678 1266.

178 1695 328 1757 castrum
359 1691 626 1754 munitissimum
650 1690 933 1774 Templariorum,
964 1692 1057 1774 quod
1088 1692 1216 1756 dicitur
1240 1692 1411 1759 Sa·(1a.sa.

178 1781 273 1865 phet,
306 1780 344 1843 in
374 1800 441 1863 quo
472 1780 598 1845 fratres
629 1780 814 1844 cruciferos
842 1783 877 1844 et
900 1781 986 1844 alios
1010 1779 1225 1845 Christianos
1248 1782 1296 1844 in·

144 1863 315 1935 aventos¹
339 1869 433 1933 duris
455 1868 634 1932 vinculism
658 1869 863 1933 constrinxit
886 1869 930 1932 ad
954 1870 1022 1934 duo
1045 1870 1142 1934 milia
1165 1872 1200 1935 et
1223 1870 1295 1954 plu·

177 1979 241 2024 res.
288 1958 362 2022 Hos
386 1978 504 2022 omnes
527 1957 690 2022 soldanus
721 1957 946 2041 singillatim¹¹
974 1959 1162 2024 examinari
1185 1959 1295 2039 iussit,

178 2047 437 2131 promissionem
459 2046 610 2112 faciens⁰
631 2046 805 2131 publicam
829 2048 871 2112 de
894 2047 968 2111 rita
991 2048 1059 2112 eisp
1080 2048 1203 2126 danda,
1226 2048 1296 2132 qui·

179 2158 323 2221 cumque
348 2157 390 2202 ex
412 2137 461 2200 eis
478 2135 655 2201 Christum
679 2135 795 2200 Iesum
819 2142 854 2200 et
877 2137 980 2202 fldem
1000 2135 1130 2201 Christi
1153 2140 1296 2222 negaret

179 2230 213 2291 et
229 2226 507 2290 Machometum‘l
527 2226 716 2290 secundum
739 2226 845 2288 ritum
868 2225 1132 2290 sarracenorum
1156 2227 1295 2292 coleret.

142 2316 221 2380 aoIn
248 2315 311 2379 illa
339 2319 413 2378 tam
443 2314 636 2397 periculosa
665 2335 705 2378 ac
737 2312 854 2378 valida
883 2315 1111 2398 temptatione
1142 2314 1296 2380 fidelium

179 2406 268 2469 duor
294 2404 420 2468 fratres
450 2402 610 2479 Minores,
640 2403 804 2466 videlicet
833 2403 942 2466 frater
971 2402 1149 2480 Iacobus²‚
1182 2407 1296 2468 custos

177 2494 340 2570 fratrum,
377 2495 413 2555 ct
447 2491 520 2555 eius
555 2491 685 2554 socius*
720 2491 829 2553 frater
863 2489 1042 2567 Ieremias,
1077 2492 1298 2554 sincerissimi

179 2582 267 2646 servi
291 2581 366 2656 Dei,
391 2579 463 2643 zelo
487 2578 568 2642 fidei
592 2578 736 2651 accensi,
762 2578 1038 2642 constantissime
1060 2598 1123 2660 per
1146 2579 1297 2642 medium

180 2671 392 2753 captivorum
424 2667 653 2730 discurrentes
684 2662 924 2748 singularitert
954 2666 1129 2730 universos
1160 2670 1195 2730 et
1224 2668 1296 2730 uni·

144 2757 358 2823 aversaliter
388 2754 541 2839 singulos
575 2755 613 2818 in
647 2755 715 2820 fide
749 2753 927 2818 katholica
961 2754 1218 2832 confortabaut;
1256 2777 1297 2820 cx

180 2845 304 2930 quibus
343 2844 435 2907 VIII
478 2844 600 2907 timore
645 2843 765 2907 mortis
805 2843 936 2927 inpulsi
983 2843 1087 2907 fidem
1131 2849 1297 2927 negantes

181 2934 318 3019 publice
361 2935 657 3016 apostataverunt,
700 2932 807 2997 ceteri
847 2952 965 2997 omncs
1007 2933 1044 2994 in
1083 2933 1296 2998 confessione

180 3023 328 3088 nominis
344 3022 411 3086 Dei
434 3025 691 3105 perseverantes
714 3022 844 3111 pariter
863 3021 1026 3087 decollati
1049 3025 1130 3085 sunt
1154 3022 1296 3087 soldano

180 3113 332 3178 iubente.
379 3111 511 3175 Ultimo
540 3113 618 3194 post
641 3131 757 3176 omnes
786 3111 853 3195 ipsi
880 3111 949 3175 duo
972 3111 1144 3175 Minoresu
1171 3111 1296 3176 fratres

145 3203 250 3265 aiam
272 3201 441 3266 nominati
463 3198 646 3284 capitalem
670 3201 878 3264 sententiam
901 3199 1088 3264 subeuntes
1110 3199 1296 3283 gloriosum

182 3291 396 3354 martiriumv
423 3289 690 3373 compleverunt.
739 3287 898 3372 Quinque
927 3293 1090 3353 tantumw
1114 3289 1293 3354 ciritatcs¹

181 3379 419 3443 Christianusy
446 3378 594 3464 populus
625 3378 739 3442 adhuc
769 3378 922 3462 possidet
950 3379 1006 3441 inz
1035 3377 1139 3443 Terra
1170 3379 1298 3444 Sancta

180 3535 203 3584 a)
216 3537 248 3574 stc
262 3535 360 3584 1.2;ct
371 3535 459 3584 subiug.
473 3533 502 3577 Η.
515 3535 541 3576 L.
583 3533 931 3586 o)eal.H.1„·auoaaa.a.
994 3537 1014 3584 e)
1029 3533 1107 3574 Ihrl'm
1122 3536 1142 3578 1.
1189 3533 1296 3584 dchoh-

181 3590 262 3639 phage.
291 3587 420 3638 {apulorum
435 3589 454 3630 1.
521 3587 641 3638 alolyacti
657 3587 674 3630 l.
735 3587 884 3638 {lllalylsam
899 3589 917 3630 1.
975 3586 1149 3638 g)1herlehol.
1204 3587 1227 3638 h)
1241 3589 1296 3638 phy·

145 3641 171 3680 ³5
180 3643 236 3692 lippi
249 3644 268 3685 2,
322 3641 339 3691 l)
352 3643 433 3691 spuriis
447 3642 466 3683 l.
520 3640 544 3688 k)
557 3641 607 3680 illos
623 3641 641 3683 1.
696 3641 712 3688 1)
725 3641 831 3681 lunatam
846 3643 865 3684 2.
919 3639 950 3688 ιιι)
963 3641 1046 3681 vinctis
1061 3642 1112 3680 add.
1127 3642 1148 3682 2.
1201 3640 1224 3692 ιι)
1237 3642 1297 3692 sigll-

180 3696 243 3735 latlm
259 3697 277 3738 l.
338 3694 360 3746 ο)
380 3696 411 3734 alc
425 3694 445 3734 2.
459 3695 479 3733 L
487 3708 496 3742 ,·
516 3694 577 3744 publ.
591 3695 633 3736 lac.
649 3695 669 3734 1.
738 3696 761 3743 p)
782 3705 859 3734 corum
873 3693 968 3734 dandam
984 3694 1002 3736 1.
1069 3697 1093 3743 q)
1113 3695 1264 3744 nummatum
1278 3697 1297 3738 l.

181 3751 200 3796 r)
214 3749 269 3788 duos
285 3750 303 3790 l.
369 3747 389 3800 a)
409 3748 476 3798 nolus,
494 3759 520 3786 ιιι
539 3747 580 3789 aa.
593 3748 612 3789 2.
681 3749 698 3795 t)
719 3747 796 3786 lterum
811 3748 959 3788 discurrentes
978 3748 1029 3790 add.
1044 3748 1062 3790 l.
1129 3749 1152 3794 u)
1172 3749 1200 3790 a.
1213 3749 1264 3791 mln.
1279 3750 1297 3791 l.

180 3805 204 3851 r)
218 3803 299 3842 marna
315 3803 332 3844 1.
386 3803 416 3850 w)
430 3801 455 3841 th
469 3802 561 3852 (tamen)
575 3799 594 3843 2.
653 3800 677 3850 x)
691 3811 732 3842 cm.
746 3803 765 3842 l.
825 3801 849 3853 y)
862 3802 934 3841 adhuc
948 3801 995 3844 chr.
1009 3811 1059 3851 pop.
1073 3811 1132 3851 poss.
1146 3803 1171 3852 15
1186 3812 1236 3850 pop.
1251 3802 1298 3844 chr.

181 3853 254 3896 adhuc
268 3855 297 3898 ΙΙ.
350 3857 370 3904 a)
383 3855 415 3894 sto
428 3855 447 3897 2.
462 3855 487 3894 ΙΙ
491 3855 580 3903 ,·ῧ(οι)
593 3857 671 3893 mnata
685 3859 746 3894 terra
760 3856 779 3895 l.

145 3965 208 4031 401)
230 3961 287 4014 Hoc
305 3961 357 4015 loco
374 3961 534 4028 recapitulat
553 3966 646 4012 cador
663 3977 707 4014 rac
727 3961 814 4028 aspa
838 3962 999 4029 temporibus
1021 3967 1115 4028 pertua
1152 3961 1298 4014 Iamlam

180 4050 239 4086 cam
262 4035 326 4086 locis
342 4035 429 4085 sooria
447 4031 629 4084 adwcmtihssa
647 4039 671 4084 et
689 4033 836 4086 Bethlehem
856 4035 912 4085 lom
936 4047 961 4088 a.
982 4034 1059 4087 1244.
1084 4037 1184 4099 captae,
1210 4048 1228 4082 a
1245 4033 1298 4084 sol-

181 4107 251 4158 dano
269 4105 370 4158 Bibere
387 4122 412 4158 a.
430 4107 508 4160 1263.
530 4119 606 4156 morte
629 4103 738 4156 wana
755 4110 855 4172 captae,
875 4103 1012 4156 Nazareth
1030 4104 1161 4156 aarum
1178 4108 1223 4154 est.
1259 4103 1300 4155 Dc

183 4175 313 4229 Caesarea
325 4177 477 4228 Palestinae
493 4175 551 4226 aida
568 4190 655 4240 supra
667 4191 692 4230 a.
708 4177 783 4231 1265.
817 4175 947 4228 eccam
959 4174 1082 4241 Philippi
1092 4173 1224 4239 (Poma)
1242 4175 1298 4225 ιάηι

182 4263 199 4298 a
218 4247 349 4300 Samiae
373 4253 452 4313 capia
476 4251 543 4311 aut,
568 4261 649 4312 qaam
673 4247 730 4300 idco
754 4253 858 4298 tantum
885 4253 978 4298 auda·
996 4246 1043 4297 hoc
1068 4235 1122 4297 loco
1142 4245 1297 4312 minavit,

145 4321 247 4386 asquia
264 4321 295 4370 ia
312 4319 446 4385 occupatio
464 4320 521 4369 circs
538 4319 636 4370 mantio
654 4320 726 4382 facto
744 4323 788 4371 est.
854 4317 883 4386 2)
903 4318 943 4369 Dr
960 4317 1044 4368 Pedio
1061 4315 1155 4381 (Puy).
1192 4314 1299 4368 Horum

182 4390 346 4454 martyriam
363 4395 464 4442 narrat
488 4391 567 4441 etiam
585 4387 714 4440 Mariana
732 4389 861 4455 Sanctae,
888 4389 959 4441 sar.
978 4387 1032 4454 III,
1054 4390 1096 4450 12,
1114 4389 1141 4452 8,
1166 4387 1299 4454 Bonycrc,

185 4461 265 4513 eata
281 4461 334 4513 Dei
349 4475 398 4528 per
415 4460 537 4513 Francos
554 4459 594 4526 ΙΙ,
615 4477 645 4528 p.
663 4462 725 4514 222.
