3222 4850
301 375 354 428 252
437 369 604 424 CRONICA
617 369 646 426 S.
656 369 774 424 PETRI
784 369 1048 426 ERFORDENSIS
1060 368 1151 424 MOD.
1171 368 1297 424 &1263

215 560 292 614 1263.
302 555 377 618 nati
399 555 435 617 in
459 575 577 628 unum,
602 555 644 618 de
668 554 841 618 adiutorio
864 554 931 618 Dei
955 554 1082 630 conlisi,
1108 552 1259 617 bellum*
1285 553 1421 616 commi·

210 665 291 716 spes.
302 647 420 708 serunt
443 643 479 705 in
503 645 625 707 octava
648 644 774 728 pasche
802 664 880 707 curn
903 642 1056 719 soldano,
1081 642 1200 705 multis
1224 641 1422 705 Sarracenis

302 733 338 794 iu
368 733 554 796 certamine
582 732 787 809 interfectis
813 733 929 796 hostes
953 733 995 796 de
1022 753 1084 795 sua
1106 731 1234 794 vicinia
1256 734 1422 795 strennue

301 821 512 904 fugaverunt
522 822 543 882 ¹.
579 821 749 885 Soldanus
773 822 916 905 proinde
940 821 976 883 in
999 821 1152 884 furorem
1175 823 1292 884 versus
1316 819 1422 884 eccle·

301 911 385 974 siam
415 910 553 974 domine
581 915 698 974 nostre
727 909 870 992 virginis
900 910 1057 994 gloriose,
1081 909 1142 974 ubi
1172 906 1324 972 salutata
1351 909 1444 972 faits

300 999 343 1064 ab
366 999 500 1084 angelo,
524 999 562 1062 in
585 999 733 1062 Nazaret
756 999 916 1062 funditus
939 990 1129 1063 subvertitb
1157 1002 1193 1063 et
1215 997 1388 1061 destruxit
1399 999 1422 1060 ².

301 1087 400 1166 Quod
433 1087 573 1152 domina
607 1091 725 1152 nostra
764 1087 967 1152 notabiliter
1004 1087 1206 1161 ulciscente,
1246 1086 1422 1151 sedicione

299 1183 374 1240 orta
404 1178 441 1240 in
472 1177 625 1241 exercitu
656 1176 799 1253 soldani,
824 1180 947 1239 mutua
968 1197 1004 1240 se
1028 1176 1110 1240 cede
1132 1175 1279 1239 invicem
1304 1176 1422 1240 crude

299 1265 380 1330 liter
413 1265 624 1340 occiderunt,
656 1270 692 1329 et
726 1286 852 1349 magna
881 1266 929 1329 ibi
960 1269 1074 1347 strage
1104 1265 1200 1328 tacta
1230 1265 1322 1328 iusto
1353 1264 1422 1330 Dei

299 1355 426 1419 iudicio
450 1354 638 1426 Sarraceni,
662 1355 722 1437 qui
745 1354 934 1419 Ierusalem
958 1357 1113 1437 exparte
1134 1353 1261 1438 prefati
1285 1353 1421 1418 soldani
1432 1379 1459 1416 ιο

300 1443 555 1512 custodiebant,
586 1443 693 1506 nimio
722 1443 846 1507 timore
881 1443 1069 1527 perterriti,
1097 1444 1208 1526 ipsam
1243 1443 1420 1507 civitatem

300 1530 489 1596 Ierusalem
519 1531 752 1614 relinquentes
782 1552 899 1596 omnes
930 1533 1059 1615 pariter
1093 1531 1271 1615 fugeruut.
1318 1530 1420 1610 Quod

299 1620 475 1684 Christani
491 1621 672 1684 audientes
688 1620 865 1684 civitatem
881 1621 1070 1684 Ierusalem
1087 1619 1184 1684 nullo
1208 1620 1420 1704 impediente

297 1710 514 1772 intraverunt
537 1713 573 1773 et
595 1709 705 1792 ipsam
728 1708 953 1792 possederunt
963 1709 984 1770 ³.

167 1803 289 1845 samm.
404 1791 536 1845 Eodem
555 1808 647 1845 anno
666 1791 841 1846 illucescente
858 1793 953 1862 vigilia
970 1791 1102 1846 Iohannis
1126 1793 1253 1861 baptiste,
1271 1798 1332 1844 orta
1350 1797 1455 1849 tem-15

198 1873 287 1920 arar.
296 1867 401 1930 pestate
421 1879 482 1915 cum
497 1862 661 1916 inundsneis
673 1863 827 1931 pluviarum
845 1863 874 1915 in
893 1863 1043 1931 quadarn
1064 1862 1173 1917 ‘villa
1191 1863 1290 1917 dicta
1308 1863 1420 1932 Apolde

298 1955 327 2003 et
344 1950 439 2004 vicinis
456 1951 529 2004 villis
554 1967 585 2004 sc
604 1952 632 2004 in
651 1951 807 2005 civitate
832 1952 933 2004 dicta
954 1953 1040 2020 Gens,
1063 1961 1129 2023 que
1152 1941 1220 2004 sita
1240 1944 1293 2004 est
1316 1961 1420 2022 super

298 2027 439 2090 fluvium
456 2026 582 2104 Salam,
607 2043 741 2093 nocturno
759 2045 884 2108 tempore
901 2041 1026 2094 homines
1042 2042 1191 2110 promiscui
1209 2058 1289 2095 sexus
1306 2039 1420 2094 XXXV

297 2111 430 2163 submersi
455 2116 525 2176 sunt,
550 2111 689 2166 domicilia
714 2111 832 2164 deducta
856 2117 927 2178 sunt,
953 2117 981 2166 et
1004 2130 1105 2180 pecora
1130 2112 1249 2181 plurima
1269 2113 1418 2180 perierunt

297 2179 369 2234 Item
387 2181 480 2236 Nonas
498 2181 617 2251 Augusti
634 2187 696 2250 post
713 2182 809 2236 horum
828 2200 927 2236 nonam
947 2183 1001 2236 fuit
1019 2183 1126 2252 eclipsis
1144 2185 1207 2236 solis
1225 2183 1368 2252 generalis
1388 2185 1454 2239 utro

297 2252 398 2306 videri
416 2258 566 2321 poterat
584 2253 611 2306 in
631 2253 782 2307 Teutonicas
798 2255 918 2324 regione.

404 2329 534 2394 Eodem
557 2331 664 2395 eciam
688 2333 843 2414 tempore
873 2352 952 2395 cum
975 2332 1067 2396 iuter
1089 2331 1223 2396 nobiles
1247 2331 1337 2395 viros
1360 2331 1418 2393 Al·

297 2418 431 2482 bertum
462 2418 650 2502 Thuringie
680 2419 912 2502 lantgravium
947 2423 983 2484 et
1017 2419 1220 2484 Heinricum
1257 2421 1416 2483 comitem

296 2506 430 2585 Hassis,
454 2507 561 2571 filium
588 2507 726 2572 domiue
748 2508 885 2592 sophie.
909 2510 1083 2592 quondam
1110 2509 1244 2573 ducisse
1268 2508 1418 2572 Braban·

297 2597 448 2680 sieque
477 2597 594 2661 fuerat
625 2595 697 2660 filia
726 2599 844 2661 sancte
868 2596 1058 2674 Elisabeth,
1087 2617 1189 2682 super
1213 2601 1304 2661 terra
1327 2596 1453 2660 Thu-ss

296 2686 473 2768 ringorum
503 2687 616 2770 gravis
639 2685 810 2749 discordia
840 2689 935 2749 orta⁰
963 2691 1064 2761 esset,
1087 2687 1234 2750 illustris
1258 2687 1417 2769 princeps

296 2774 366 2837 dux
382 2776 424 2839 de
442 2769 671 2838 Brunsvvic‘l·⁴
695 2775 851 2856 predicto
874 2776 1002 2849 comiti,
1026 2777 1155 2839 sororio
1171 2796 1243 2851 suo,
1268 2796 1308 2839 eo
1324 2775 1418 2858 quod

296 2863 340 2926 ad
374 2863 603 2927 resistendum
637 2863 773 2947 prefato
809 2862 1002 2927 adversario
1036 2863 1111 2927 ‘suo
1140 2864 1271 2927 viribus
1305 2863 1417 2946 impar
1428 2879 1462 2931 *n
1470 2883 1520 2924 sos.

296 2955 395 3024 esset,
420 2951 540 3016 sedulo
571 2973 610 3016 ac
634 2950 795 3035 diligenti
827 2952 1028 3017 assistebat⁸
1056 2953 1195 3016 auxilio.
1242 2951 1276 3014 N
1277 2973 1330 3015 am
1356 2973 1418 3036 per

296 3042 480 3106 advocatos
503 3061 582 3105 suos
598 3042 684 3104 adeo
700 3043 829 3106 terram
844 3043 1014 3124 oppressit
1030 3041 1229 3125 Thuringie‚
1249 3045 1290 3104 ut
1305 3034 1415 3123 ipsas,
1427 3067 1453 3106 so

126 3136 384 3214 cruminans&
414 3130 666 3215 provinciarum
697 3130 837 3193 domina
869 3123 1007 3195 luerath
1040 3134 1076 3194 et
1110 3135 1221 3194 mater
1254 3128 1415 3192 villarum

295 3220 513 3303 optimarum,
536 3219 620 3304 ipsis
644 3217 835 3283 Saxonibus
858 3227 1034 3302 tamquam
1058 3219 1243 3283 tributaria
1265 3218 1417 3282 subiace·

153 3313 358 3383 a.101,ao.ret.
395 3307 478 3373 Post
501 3310 564 3372 hec
587 3328 669 3372 vero
693 3307 862 3371 Dominus
885 3307 923 3370 de
945 3307 1064 3371 excelso
1086 3313 1195 3370 sancto
1217 3327 1273 3370 sno
1297 3313 1416 3370 terram

173 3398 549 3480 o‚r1o,o.Thuringorum
578 3395 701 3477 nspcatt
731 3400 766 3461 et
788 3395 1034 3476 redempaonem
1056 3394 1153 3458 nu'sit.
1200 3395 1289 3458 Nam
1315 3395 1416 3459 diuti-

295 3509 375 3552 nam
404 3481 539 3551 eorum¹
569 3486 833 3551 tribulacionem
862 3489 898 3550 et
927 3485 1123 3567 angustiam
1153 3485 1224 3548 leto
1255 3485 1350 3548 exitu
1381 3487 1416 3547 et
1426 3509 1452 3548 aa

296 3579 362 3640 fine
392 3575 560 3641 laudabili
590 3576 800 3641 terminavit.
847 3574 935 3637 Nam
960 3574 1115 3658 prefatus
1140 3573 1218 3649 dux,
1244 3593 1322 3636 cum
1345 3573 1415 3637 iam

293 3785 316 3832 a)
336 3785 368 3822 stc
382 3787 402 3823 1.
416 3783 510 3828 Imm.-
530 3795 549 3827 c.
563 3785 584 3827 b.
598 3785 645 3826 Rl.
726 3783 749 3835 b)
767 3785 799 3823 ste
813 3786 832 3826 1.
846 3783 941 3829 Lrlffi
961 3783 1044 3822 evertit
1057 3783 1104 3822 Rl.
1178 3780 1199 3832 c)
1220 3785 1344 3822 auctoru
1358 3779 1416 3822 Μ.

294 3835 317 3885 d)
331 3837 443 3877 Brunsuic
457 3836 508 3875 gns
522 3848 592 3886 saepe.
641 3838 662 3886 e)
676 3836 791 3878 aastdebst
803 3840 835 3880 2⁸.
885 3837 947 3886 ηυδε
960 3834 1018 3878 Μ.
1032 3836 1065 3880 3,·
1078 3836 1149 3884 ipsam
1164 3837 1182 3876 1.
1236 3833 1414 3884 g)ss'c1.2¹·b;

293 3892 387 3930 alianum
403 3891 454 3933 add.
468 3891 495 3932 R.
548 3891 572 3940 h)
587 3891 629 3930 fult
643 3893 674 3933 2⁸.
728 3893 744 3940 i)
759 3891 855 3940 ipsorum
870 3891 896 3932 ll.

295 4071 321 4134 1)
341 4067 454 4119 Donum
471 4071 530 4132 post
543 4066 658 4118 madium
676 4083 788 4119 samum
800 4068 870 4133 Apr.
888 4065 1046 4118 obtritiones
1060 4065 1172 4116 Ausonis
1189 4079 1242 4115 non
1260 4068 1352 4130 rinus,
1370 4065 1416 4117 aad
1425 4077 1451 4116 so

293 4142 375 4190 vietor
393 4139 520 4191 soldanus
537 4137 661 4202 reliquiu-
678 4137 713 4201 of.
731 4139 765 4191 R.
778 4136 909 4189 Rdhriolst
926 4137 954 4186 r‘n
974 4133 1065 4187 ‘Arata
1082 4135 1114 4187 de
1130 4133 1248 4187 l'Om'ent
1260 4136 1358 4187 Lattn'
1374 4136 1415 4198 ΙΙ,

289 4228 318 4278 p.
338 4212 392 4264 374
409 4227 447 4276 sq.
475 4215 498 4260 st
522 4225 550 4261 n.
568 4211 611 4262 35.
700 4211 729 4275 2)
755 4208 798 4272 Of.
817 4210 891 4274 epist.
914 4204 1018 4257 Urbani
1041 4204 1093 4260 IV.
1114 4221 1204 4270 propos
1228 4208 1265 4256 od
1290 4207 1416 4258 bardenci-

292 4297 352 4332 oum
363 4281 415 4334 IX.
440 4295 527 4346 rapam
545 4279 570 4331 d.
589 4279 617 4330 d.
637 4280 714 4333 1263.
740 4281 810 4344 Any.
822 4281 873 4343 203
898 4275 1018 4328 Parnon
1036 4291 1081 4326 nr.
1095 4277 1190 4330 18624.
1263 4277 1290 4343 3)
1307 4277 1414 4330 Fabula

293 4352 357 4403 haec
374 4358 428 4412 est,·
445 4351 482 4414 cf.
501 4349 631 4402 Robriobt
649 4349 666 4403 l.
680 4349 698 4404 l.
713 4365 742 4415 p.
755 4351 817 4413 374,
835 4365 861 4401 n.
875 4349 918 4402 33.
990 4347 1018 4412 4)
1034 4346 1160 4398 aunan
1178 4348 1303 4412 Magnus.
