3186 4844
270 351 322 405 1os
368 345 535 403 escures
547 346 577 403 s.
586 344 703 400 suurn
714 343 976 400 nunosnnusrs
988 343 1078 400 uon.
1098 306 1222 401 nsum.
1233 347 1311 401 1132.

123 509 373 619 ‘Mlfffffjprium
402 553 536 612 regnum
565 553 679 610 aroge
702 527 849 594 Ldthario
879 534 1036 608 suscipere
1066 538 1247 602 mereretur,
1278 549 1385 610 expos-

269 629 355 684 cunt.
403 624 495 698 Quod
524 629 556 683 et
585 625 725 700 proiecto
747 623 869 681 iactum
891 623 1015 692 fuisset,
1039 623 1072 679 ni
1095 623 1166 698 pius
1196 640 1250 680 rer
1273 616 1386 682 Ldtha·

269 717 335 772 rius
365 715 394 772 ei
422 716 511 772 ouius
542 719 610 772 erat
639 714 736 770 irater
759 712 880 770 occisus
909 712 1109 787 pepercisset,
1134 728 1171 769 eo
1194 713 1278 787 quod
1300 714 1386 770 idem

269 805 333 862 iam
356 804 478 862 dudum
502 805 599 878 raptis
622 802 762 860 fascibus
786 802 885 858 eciam
908 799 1045 858 nomen⁸
1072 802 1193 876 regium
1216 801 1276 858 sibi
1298 819 1386 859 usur·

270 897 387 969 passet.
434 891 594 967 Susceptis
621 895 731 948 tamen
759 906 815 967 pro
844 890 965 965 ingenti
995 889 1055 948 sibi
1077 889 1231 965 promissa
1254 891 1419 966 pecunias

270 999 289 1039 a
311 999 404 1057 rege
427 968 572 1038 Danieb
600 979 797 1048 obsidibusi,
821 979 863 1036 ad
894 979 1019 1054 propria
1045 995 1119 1036 cum
1141 979 1301 1054 triumpho
1324 979 1387 1055 glo·

270 1071 351 1128 rioso
375 1071 541 1128 revertitur
564 1086 618 1126 rex
640 1065 817 1127 Ldthan'us.

128 1168 261 1216 (Mart-ee)
376 1147 544 1233 Synoousd
560 1159 645 1233 apud
660 1154 832 1216 Leodiume
849 1158 1009 1214 civitatem
1029 1155 1088 1214 sub
1103 1173 1186 1232 papa
1200 1157 1387 1214 Innocencio

270 1252 486 1323 congregatur.
512 1247 573 1306 Ubi
584 1250 729 1322 presente
741 1263 813 1322 rege
825 1245 981 1314 Lothario‚
994 1245 1205 1303 residentibus
1218 1232 1387 1321 Lfepisoo-

269 1338 318 1412 pis
333 1355 405 1395 cum
420 1337 594 1394 innumeris
610 1335 804 1393 diversorum
821 1335 967 1392 ordinum
978 1335 1130 1409 personis,
1147 1333 1245 1393 Ottoi
1259 1334 1388 1392 Helber·
1398 1348 1425 1386 ιο

271 1427 421 1484 statensis
445 1426 620 1500 episcopus,
645 1424 768 1482 dudum
781 1425 878 1481 Rome
896 1423 936 1482 ab
955 1423 1094 1481 Honorio
1112 1441 1194 1499 papa
1214 1423 1386 1498 depositus,

270 1533 396 1573 rursum
411 1514 662 1572 Halberstutensi
682 1512 811 1571 ecclesie
834 1511 1051 1570 annitentibus
1074 1513 1196 1570 cunctis
1218 1512 1387 1588 preficitur,

271 1621 396 1662 rursum
412 1603 580 1679 episcopali
594 1588 817 1671 investiunah,
832 1595 869 1659 id
883 1598 935 1659 est
951 1594 1090 1673 annulo,
1103 1595 1216 1672 mitra,
1234 1595 1357 1659 baculo
1366 1595 1387 1672 ¹,

271 1710 290 1750 a
319 1709 401 1768 papa
431 1692 618 1750 Innocenoio
648 1692 793 1750 donatur.
840 1689 997 1748 suuntur
1019 1707 1142 1766 quoque
1171 1690 1211 1747 ab
1242 1689 1388 1747 omnibus

271 1782 447 1839 secundum
476 1782 602 1838 decreta
635 1797 792 1838 canonum
826 1779 906 1837 illud
939 1779 1116 1854 antiquum,
1146 1780 1230 1854 quod
1265 1791 1425 1853 semperrt

207 1885 210 1890 '
271 1871 331 1928 erit
359 1870 586 1938 innovandum,
616 1869 806 1943 presbiteros
836 1871 940 1926 castos
970 1872 1004 1925 et
1033 1868 1100 1925 sine
1128 1868 1277 1926 uxoribus
1307 1884 1387 1936 csse,

272 1960 403 2016 missam
432 1963 539 2016 autem
567 1959 690 2016 uxorati
718 1957 883 2033 presbiteri
912 1958 1071 2014 nemiuem
1101 1957 1210 2015 audire
1241 1946 1387 2015 debere*.

272 2047 320 2104 Ibi
349 2034 398 2104 et¹
427 2046 617 2105 Adelbertus
646 2047 785 2104 marchio
816 2046 855 2104 de
878 2045 1012 2104 Saxonis
1039 2046 1216 2122 deponitur,
1240 2049 1273 2103 et
1295 2045 1389 2102 Hein-

272 2137 354 2193 ricus
377 2152 492 2204 comes,
517 2137 570 2210 qui
593 2135 714 2210 etipse
738 2133 829 2204 Saxo,
852 2151 921 2210 pro
944 2123 1009 2192 eok
1035 2134 1247 2193 constituitur.

172 2207 263 2317 Ἥὲἕ·
380 2219 584 2282 'MCXXXIL
638 2223 772 2282 Sanctus
808 2211 1025 2282 Gotehardus¹
1067 2240 1150 2281 anno
1189 2223 1388 2281 dormicionis
1400 2237 1427 2276 so

273 2331 329 2372 sne
359 2313 530 2371 centesimo
560 2313 670 2389 primo,
700 2312 832 2388 ipsiusm
854 2313 930 2370 anni
953 2313 1003 2370 die
1032 2313 1155 2381 ultimo,
1185 2312 1257 2370 HII.
1281 2311 1389 2369 Nonas

181 2421 264 2465 uass.
272 2403 347 2460 Maii
376 2403 410 2460 in
431 2401 689 2460 Hssdenesheim¹³
717 2419 734 2459 e
763 2405 847 2459 terra
869 2401 993 2459 levatur
1000 2420 1008 2470 ;
1039 2402 1128 2459 cuius
1152 2402 1313 2476 signorum
1336 2401 1388 2458 ad·

272 2490 426 2550 mirabili⁰
454 2490 693 2566 magnitudinep
721 2490 823 2548 omnis
847 2489 1017 2548 Germania
1046 2491 1203 2548 illustrata
1229 2479 1389 2548 letatur*

188 2602 265 2650 (rua.)
379 2579 465 2638 Rexq
493 2579 658 2637 Letharius
688 2597 761 2637 oum
788 2580 895 2654 regina
918 2579 1045 2637 Richiza
1067 2579 1201 2636 Romam
1224 2579 1326 2654 pergit
1348 2579 1390 2635 ad

272 2669 468 2727 visitandum
494 2685 627 2743 regnum
649 2668 796 2726 Italicum
825 2684 944 2743 suoque
967 2668 1105 2726 dominio
1132 2669 1388 2743 mancipandum,
1400 2677 1426 2716 εδ

273 2759 315 2815 ad
337 2757 569 2815 restituendum
598 2773 713 2832 papam
736 2756 960 2814 Innocencium
986 2758 1020 2814 in
1042 2757 1247 2832 apostolicam
1270 2757 1388 2824 sedem,

272 2847 314 2904 ad
337 2845 573 2924 suscipiendam
588 2845 782 2921 imperialem
798 2845 1059 2915 benedictionem,
1083 2847 1243 2904 modicum
1262 2845 1390 2921 quidem

386 3010 414 3080 *)
434 3013 463 3064 E
479 3012 557 3080 odd:
581 3012 626 3066 vel
648 3011 786 3068 interesse.
823 3009 879 3064 Hic
903 3015 969 3064 nota
987 3012 1214 3066 constitucionem
1232 3010 1391 3065 Innocencii

432 3100 511 3151 pape.
553 3083 604 3136 Ubi
623 3081 668 3136 Ibi
687 3113 720 3122 -
739 3081 914 3136 constituitur
932 3099 981 3137 orn.

184 3169 264 3211 Noae.
370 3152 416 3222 **)
433 3151 685 3279 ‹ffaffluffiodem
703 3170 774 3207 nuno
793 3151 833 3206 V⁰
848 3152 915 3207 Idus
933 3153 1096 3208 Novembris
1115 3153 1229 3207 fundata
1247 3157 1289 3207 est
1306 3151 1428 3209 Portueo

274 3385 296 3432 a)
315 3396 331 3426 s.
346 3395 367 3426 n.
381 3396 399 3427 r.
413 3386 464 3436 1313
486 3397 503 3428 r.
516 3398 538 3428 n.
551 3398 569 3428 s.
584 3385 676 3433 Lrlm
697 3396 719 3428 n.
733 3397 750 3428 s.
764 3397 782 3426 r.
796 3385 865 3434 Emis.
938 3385 961 3432 b)
979 3395 993 3424 a
1007 3396 1025 3427 r.
1039 3385 1067 3423 D.
1082 3385 1315 3435 (DectsR.LrlII)‚
1337 3396 1392 3434 quac

275 3441 294 3480 1.
308 3439 333 3479 B.
348 3438 428 3477 ΜΗ
441 3439 525 3490 habent,
541 3439 568 3478 at
583 3437 747 3477 auctoratum
760 3439 825 3480 Creu.
840 3439 929 3486 imeres,
944 3448 998 3487 quos
1012 3437 1080 3487 Erph.
1094 3439 1144 3487 Ρη.
1158 3439 1233 3481 aeine.
1309 3442 1330 3487 c)
1347 3439 1391 3478 osi-

275 3491 338 3531 dibus
353 3492 400 3530 atta
413 3503 480 3530 manu
489 3497 540 3541 post
553 3503 610 3535 cm.
623 3492 692 3532 obsid.
703 3494 722 3534 1.
762 3491 785 3541 d)
799 3493 864 3531 Anno
874 3491 1000 3530 u⁰0xxx⁰
1010 3491 1063 3542 Syn.
1073 3491 1099 3539 Ε,
1113 3493 1170 3530 unde
1183 3493 1235 3531 hoec
1248 3495 1268 3530 et
1281 3493 1304 3530 tn
1313 3491 1392 3530 Lem

275 3545 305 3583 ad
319 3545 406 3587 anto.
446 3548 468 3593 e)
482 3545 594 3585 Leodeum
608 3545 639 3593 Ε,-
653 3543 745 3585 Leodsd
759 3544 843 3587 Lem.
885 3545 1267 3595 oom.1i,·quinquagtnuoem.
1304 3545 1429 3595 postest

273 3619 300 3628 -
315 3597 411 3638 donatur
425 3597 492 3648 (tlt)
507 3608 547 3640 om.
561 3599 586 3640 li.
601 3599 685 3640 aaliz.
753 3598 775 3646 b)
796 3599 827 3637 eie
840 3599 961 3648 R.Erpt.,·
981 3599 1098 3638 inuosturu
1112 3601 1132 3642 1.
1192 3598 1208 3648 i)
1226 3599 1256 3638 sie
1270 3599 1297 3640 B.
1311 3599 1393 3647 Erpt.;

275 3652 309 3690 ibi
324 3652 392 3692 etium
406 3651 469 3699 laq„-
484 3651 561 3700 Ibique
576 3655 595 3694 1.
635 3652 659 3700 k)
673 3652 779 3702 marchio,
794 3653 850 3702 quod
864 3653 943 3691 taem
955 3652 1024 3702 Emis.
1038 3653 1095 3701 Μ,
1110 3654 1167 3692 deest
1177 3656 1195 3694 1.
1204 3653 1231 3694 R.
1278 3652 1293 3700 i)
1308 3651 1392 3692 Gotho·

276 3705 358 3744 hardus
372 3703 408 3752 θη
432 3705 558 3744 Gothsrdus
573 3705 598 3746 Ε.
666 3703 696 3756 m]
710 3716 743 3754 pr.
757 3705 829 3744 minus
843 3716 888 3746 uno
902 3707 946 3754 dis,
962 3704 1015 3746 dicti
1029 3717 1048 3748 s.
1064 3704 1096 3747 th.
1159 3708 1182 3753 n)
1196 3702 1353 3754 Hildinsbeym
1367 3705 1393 3748 E.

275 3760 296 3799 ot
309 3756 450 3852 αιδῖνιὶδΕ.
464 3757 614 3848 azimis.
631 3759 693 3806 Pep.‚·
707 3759 803 3798 mirabili
818 3760 836 3801 1.
891 3757 914 3809 p)
928 3759 1070 3798 multitudiue
1083 3759 1109 3802 Ε.
1158 3757 1182 3809 q)
1196 3759 1245 3798 Rex
1258 3779 1285 3788 -
1299 3763 1429 3844 eventuum

274 3811 528 3860 (p.1s,.)om.''.

277 3971 304 4038 1)
323 3970 402 4036 Haec,
422 3985 490 4036 quos
508 3974 530 4020 ot
548 3968 574 4018 R
592 3968 676 4034 dotet
694 3971 776 4023 buius
794 3971 874 4024 Oron.
893 3977 986 4022 nudor
1004 3971 1117 4025 addidit.
1154 3971 1188 4023 In
1207 3973 1278 4024 Anu.
1298 3971 1392 4038 Papae.

271 4057 302 4107 p.
320 4042 381 4096 256.
400 4041 443 4092 hic
460 4040 531 4092 Ιοοιω
549 4041 690 4092 annalium
708 4044 904 4109 compitorum
922 4047 1041 4093 mutatus
1058 4048 1103 4095 eet.
1174 4042 1203 4110 2)
1223 4043 1264 4107 Cf.
1285 4042 1392 4094 Jonau·

276 4111 360 4176 sobet,
387 4111 461 4176 Orio.
480 4111 586 4163 Cirtero
605 4111 629 4175 I,
651 4129 680 4179 p.
699 4114 742 4166 25.
762 4115 814 4168 287
840 4116 897 4179 (nr.
916 4113 972 4176 60).
1009 4112 1083 4164 Idem
1109 4113 1207 4178 ἱερέων
1232 4116 1262 4165 in
1287 4113 1394 4166 addita·

276 4184 370 4233 mentre
389 4183 516 4234 Grom'eoe
537 4180 671 4248 Thurinp.
690 4183 788 4237 Isenoo.
814 4183 895 4251 ampl.
920 4183 1034 4234 eusdem
1055 4184 1149 4235 codicis
1167 4184 1211 4247 Ε,·
1235 4185 1306 4250 quod
1326 4199 1395 4251 pro·

276 4254 372 4317 sectum
399 4260 436 4306 eet
462 4270 496 4306 aa
523 4251 615 4304 tabula
638 4254 756 4320 quadam
780 4255 973 4320 fundationum
1001 4253 1171 4306 abbatiarum
1200 4255 1306 4310 cutm.
1350 4257 1430 4320 ΟΜ

278 4322 450 4387 Dedeneolcer,
472 4324 535 4389 Περ.
559 4323 734 4390 itarital,
759 4341 804 4380 nr.
820 4328 896 4380 1267.
