3246 4866
324 396 515 454 cnomosn
531 397 560 454 S.
568 395 684 453 PETRI
695 395 856 453 ElRFORD.
875 397 1072 454 APPENDIX
1083 399 1139 456 11⁸.
1228 405 1281 460 401

222 581 499 667 sRespondetur
521 582 566 646 sd
588 582 666 647 hec:
691 581 771 645 Non
794 585 846 646 est
869 582 964 647 Deus
987 582 1076 648 alter
1098 584 1141 649 nb
1164 585 1235 664 illo,

328 669 396 750 Qui
417 671 488 734 fuit
510 675 591 735 ante
614 669 679 734 soli
700 673 872 755 tempore:
896 670 999 735 rebus
1022 673 1114 736 enim

255 760 401 824 Mutotis
423 761 461 823 in
484 779 520 824 se
543 763 661 825 monet
682 759 908 824 immutabilis
930 760 1003 844 ipse

326 848 399 913 Neo
422 849 560 933 penitus
584 848 694 912 solido
717 848 843 932 migrat
866 848 909 913 sb
934 869 1006 914 esse
1029 870 1101 914 suo.

139 955 155 994 r
257 934 331 1014 Que
354 957 451 1001 mens
474 937 600 1014 rimari,
625 956 691 1020 que
714 936 835 1020 lingue
856 941 1009 1003 retexere
1032 959 1131 1022 posse

207 1045 233 1084 ιο
326 1025 488 1090 Creditur
510 1025 621 1091 eterni
643 1025 796 1110 pondere
819 1026 977 1090 consilii?

255 1113 329 1178 Hos
353 1115 524 1198 parcendo
546 1115 677 1191 iuvat⁸,
700 1115 739 1176 in
760 1114 859 1198 virge
881 1115 999 1179 visitet
1020 1115 1109 1193 illos,

325 1201 484 1281 Quantus
506 1203 543 1266 in
566 1203 708 1280 eximiis,
731 1205 851 1267 tantus
874 1204 911 1266 in
934 1204 1075 1287 exiguis.

255 1291 375 1376 Nuper
396 1295 515 1355 nostra
538 1291 604 1356 Dei
626 1291 712 1356 tulit
734 1296 808 1356 etas
831 1291 931 1375 signa
951 1293 1088 1371 furoris,

122 1399 153 1436 10
325 1379 353 1443 t]
377 1380 502 1463 quibus
524 1381 561 1444 in
584 1381 734 1446 medium
759 1379 841 1444 bina
863 1381 992 1446 referre
1015 1381 1112 1446 libet.

205 1487 231 1526 rr
255 1467 342 1533 Sede
365 1469 570 1552 Mogontinn
592 1469 694 1535 docet
717 1462 810 1533 edisb
836 1473 934 1533 vasta
956 1470 1065 1548 ruine,
1290 1487 1366 1543 1184,

325 1556 433 1637 Quam
452 1559 498 1621 sit
513 1558 605 1643 apud
621 1557 828 1622 Dominum⁰
848 1579 937 1622 vans
952 1558 1045 1624 selus
1063 1560 1251 1624 hominum.
1287 1559 1406 1609 (Μ’)

253 1645 362 1730 Regis
383 1666 530 1729 namque
553 1647 684 1725 domus,
707 1647 822 1711 tenuis
845 1647 928 1711 dum
951 1647 1071 1712 sibilus
1094 1669 1176 1714 sure

324 1734 406 1799 Sero
430 1734 560 1799 salutat
582 1755 667 1813 eam,
691 1736 851 1800 funditus
873 1735 948 1820 ipse
970 1737 1051 1800 ruit.

120 1841 149 1880 ιι,
217 1827 221 1834 “
253 1821 327 1902 Quo
350 1823 467 1901 moles,
491 1824 583 1907 quod
606 1844 701 1908 opus,
725 1844 791 1908 qne
814 1825 974 1889 machine
997 1825 1105 1889 diruit
1126 1826 1247 1892 illam?

204 1931 231 1970 ro
324 1911 431 1975 Nulla
453 1913 625 1997 profecto:
650 1916 773 1997 potens
796 1933 878 1997 ergo
902 1934 1022 1977 monus
1045 1914 1196 1980 Domini.

253 2001 468 2084 Argumenta
490 2001 603 2086 petis?
648 2001 743 2066 Fisse
766 2002 863 2084 qussi
885 1997 1054 2069 fulmine‘¹
1080 2004 1178 2070 boses

323 2089 534 2155 Dissiliendo
556 2091 646 2154 viros
669 2093 747 2155 octo
772 2091 957 2173 decemque
979 2096 1106 2156 necant
1116 2091 1137 2155 1.

7 2219 8 2230 .
252 2177 388 2242 Funere
410 2179 627 2264 splendorem
649 2179 732 2244 festi
753 2179 879 2264 regalis
903 2180 1120 2259 adumbrant,

120 2286 148 2324 eo
322 2267 447 2350 Fitque
468 2268 625 2333 nefaste⁰
654 2268 736 2346 dies,
761 2289 827 2351 que
854 2269 955 2333 modo
978 2269 1069 2334 festa
1091 2271 1170 2334 fuit.

201 2374 228 2414 se
252 2354 332 2419 Huc
354 2350 531 2421 invitetiss
557 2357 751 2441 perhibent,
776 2360 904 2441 quante
928 2356 1107 2422 brevitatis

324 2443 377 2508 Sit
400 2445 595 2510 mundanus
619 2447 736 2524 honor,
761 2447 825 2510 hec
849 2447 980 2524 domus,
1003 2445 1069 2511 iste
1094 2447 1201 2512 dolor.

252 2621 314 2685 Est
337 2642 434 2686 casus
457 2622 541 2689 tetri
563 2644 652 2687 nova
674 2628 761 2702 ποεῖ,
786 2644 889 2706 quem
912 2623 1108 2707 posteritati
1143 2623 1148 2637 '

322 2710 470 2776 Tradere
493 2711 570 2795 lege
593 2713 695 2777 metri
717 2711 873 2796 postulet
895 2712 1039 2776 utilitas.

118 2817 147 2857 rs
251 2798 405 2883 Regulus
414 2801 436 2876 ²,
460 2801 605 2865 antistes
615 2801 636 2878 ³,
661 2801 802 2866 comites
826 2821 1071 2886 procerumque
1095 2804 1253 2868 cohortes

202 2908 230 2948 ro
324 2886 522 2954 Convenere
545 2889 657 2954 10004:
681 2890 822 2954 nomina
844 2893 1010 2973 pretereo.

251 2975 349 3041 Rndo
372 2976 440 3041 loci
462 2998 588 3043 nomen
611 2977 655 3042 ob
679 2978 788 3056 triste,
813 2979 905 3062 quod
927 2978 1058 3057 intulit,
1083 3000 1193 3045 omen.

321 3065 483 3148 Lugubre
507 3067 626 3131 mortis
650 3088 746 3144 onus,
770 3069 861 3150 quod
885 3067 1078 3133 meminisse
1102 3069 1219 3154 pudet,

251 3152 365 3237 Turpe
387 3174 495 3238 genus
517 3147 605 3219 fotih
631 3156 761 3220 famose
784 3150 978 3220 nobilitati¹

118 3261 147 3301 eo
323 3241 515 3326 Compleoti
538 3243 670 3308 calamo
693 3239 861 3329 suggerok
885 3245 942 3309 vix
966 3247 1090 3312 animo.

201 3349 229 3390 rt
253 3328 364 3394 Conso
385 3332 455 3395 tuit
479 3352 646 3416 conseque
670 3334 742 3398 dies
765 3327 911 3418 prelixs¹
936 3335 1108 3421 locusque,

322 3419 500 3485 Terminus
522 3421 639 3501 instat,
664 3423 763 3487 adest
786 3424 904 3488 concio
927 3424 1105 3490 nobilium.
1284 3457 1390 3508 (ms),

251 3507 444 3574 Consedere
467 3510 585 3575 domo:
610 3511 731 3576 domus
753 3511 817 3575 ills.
837 3515 984 3591 vetusta,
1008 3514 1171 3580 latrinam

322 3597 452 3662 Subtus
475 3599 616 3678 habens,
640 3601 734 3665 senio
757 3601 963 3666 debilitante
988 3603 1115 3668 trabes.

7 3771 8 3794 r
116 3807 183 3854 ³⁶2)
196 3807 279 3846 lunam
292 3805 312 3849 2.
365 3803 389 3856 b)
402 3806 453 3846 sule
466 3807 486 3850 2.
540 3819 552 3846 c
575 3805 641 3848 deum
654 3805 709 3860 (dm)
722 3808 741 3851 8.
787 3805 811 3859 d)
824 3809 917 3849 fulmins
931 3811 951 3850 1.
1005 3811 1027 3860 e)
1041 3809 1170 3855 nerendst.
1210 3811 1275 3861 oln-

157 3859 261 3902 aruns.
303 3859 933 3913 3)Ertnonmtsrtlrl]s...,trttuefsreltuerts
945 3865 1068 3908 metri.
1116 3864 1141 3917 lr)
1154 3865 1207 3906 lecti
1221 3868 1275 3908 1.—

156 3913 387 4016 {3me
401 3914 420 3957 8.
487 3915 504 3964 l)
517 3914 638 3954 nobilllmtl
653 3916 672 3958 1.
739 3913 763 3966 k)
777 3925 815 3955 ero
830 3920 849 3955 rt
862 3918 922 3956 sulm
936 3918 979 3967 leot
992 3921 1094 3968 upum
1107 3919 1128 3962 2.
1193 3918 1210 3971 l)
1223 3918 1276 3960 tate

158 4145 190 4210 1)
223 4144 377 4208 &immin
405 4143 523 4197 homines
552 4145 658 4198 οόνιάω
687 4161 741 4198 esso
769 4148 856 4200 tradit
882 4147 996 4201 Amold.
1025 4147 1118 4203 mter.
1148 4147 1209 4213 III,
1231 4150 1274 4216 10,

112 4215 209 4270 soSS.
228 4213 314 4279 XXI,
335 4231 365 4282 p.
386 4216 445 4271 154.
528 4217 557 4284 2)
578 4215 723 4269 Etim-icus
744 4217 790 4272 VI.
814 4234 872 4272 rev.
952 4220 981 4287 3)
1000 4218 1142 4272 wadre
1159 4219 1276 4287 Moysen·

156 4286 243 4341 tinus.
313 4285 341 4354 4)
357 4285 516 4351 Modico.

1026 4397 1062 4452 26
