3248 4856
433 295 625 353 ORONIOAE
644 295 807 354 narolus
826 297 1088 354 OONTINUATIO
1106 298 1129 355 I.
1289 303 1343 357 olo

227 484 429 568 navigantes
453 503 513 568 per
529 503 622 548 mare
637 482 940 557 Mediterraneum,
965 486 1199 548 convenerunt
1222 502 1343 548 ucosu
1355 499 1432 553 1269.

226 574 263 636 in
287 570 645 649 civitatelsnuonsi1‚
671 575 706 636 et
728 571 885 637 videntes
913 591 949 636 se
972 576 1148 656 pugnare*
1167 575 1342 656 ceperunt,

226 682 306 746 pars
336 665 456 726 contra
486 665 629 746 partem,
659 661 697 724 in
727 659 844 744 platea
878 661 1038 736 civitatis,
1069 664 1110 724 ut
1138 661 1278 725 insimul
1308 681 1344 726 se

227 751 433 826 occiderent,
459 752 541 834 quia
558 751 676 814 odium
698 750 931 814 inveteratum
954 753 989 814 et
1004 769 1181 814 rancorem
1204 753 1344 834 portant

204 840 271 903 aad
301 840 448 904 invicem
479 839 659 904 Sarraceni
689 843 724 902 et
746 838 892 902 Tartari.
939 836 1040 916 Quod
1068 838 1226 903 videntes
1254 839 1345 904 cives

226 929 425 1005 Ianuenses‚
454 931 495 992 ut
525 927 670 994 decebat
699 947 766 1002 eos,
791 927 871 991 lites
893 920 1186 1011 interceperunt.
1212 947 1345 1012 pugnas

228 1019 434 1082 sedaverunt
464 1038 592 1082 eorum.
639 1015 796 1098 Denique
831 1015 959 1099 prefati
992 1016 1131 1081 nunccii
1166 1037 1243 1080 cum
1273 1037 1344 1101 per·

229 1107 404 1172 venissent
427 1108 471 1171 ad
493 1127 607 1190 regem
627 1105 780 1177 Francie.
805 1103 1009 1170 Sarracenos
1032 1105 1195 1170 nunccios
1212 1105 1345 1169 soldani

228 1215 292 1261 uec
315 1196 431 1261 videre
454 1195 565 1260 voluit
588 1213 651 1259 nec
675 1194 804 1269 audire,
828 1194 992 1258 nunccios
1017 1198 1133 1259 autem
1156 1195 1245 1278 regis
1268 1193 1345 1258 Tar-

193 1307 219 1346 ιο
228 1287 382 1349 tororum
412 1287 448 1350 et
470 1285 631 1348 Tartaros
665 1283 813 1367 gloriose
843 1303 882 1348 ao
914 1283 1100 1348 honorifice
1131 1284 1280 1369 suscepit
1311 1286 1346 1347 et

229 1373 425 1458 procuravit
449 1377 484 1438 et
508 1372 701 1457 legaciones
724 1373 876 1456 ipsorum
900 1372 1120 1437 notabiliter⁰
1153 1375 1189 1437 et
1211 1371 1346 1436 utiliter

227 1463 429 1527 terminavit
450 1463 524 1547 ipsc
545 1461 692 1526 illustris
716 1461 898 1526 Ludwicus
921 1481 980 1526 rex
1004 1461 1157 1526 brancie.

336 1551 412 1616 Istc
434 1555 487 1617 est
509 1552 696 1636 prophecia
712 1551 868 1614 loaohim
887 1549 1046 1614 obbatis²
1060 1550 1164 1614 missa
1186 1551 1224 1614 in
1238 1549 1346 1614 Theu-

230 1641 361 1706 toniam
389 1661 410 1704 a
434 1641 601 1706 cardinali
625 1640 784 1724 episcopo
807 1637 1026 1703 Portuensi⁸:
1051 1634 1235 1720 Repnabitl
1254 1637 1346 1702 Men·

197 1728 338 1808 rofridus
376 1729 545 1794 bastardus
578 1749 600 1792 a
632 1729 716 1806 flatu
747 1726 875 1793 mesarn'
907 1747 1005 1808 usquc
1038 1727 1083 1791 ad
1114 1727 1210 1806 finem
1244 1725 1344 1809 repni.

235 1815 355 1882 Oontra
376 1837 467 1900 onem
489 1817 591 1883 corut
610 1836 669 1881 ron
688 1816 972 1896 circumtonuit
996 1815 1042 1880 leo
1058 1815 1201 1880 Francia
1217 1820 1348 1898 propter

231 1905 402 1972 cadmiam
425 1913 455 1972 ot
475 1905 678 1989 seomitotern,
702 1904 758 1987 qui
780 1903 945 1970 debellabit
967 1925 1037 1968 eum
1059 1908 1107 1969 ot‘
1127 1904 1252 1983 arofuet
1273 1903 1435 1986 dyc-1266.

232 1997 322 2060 dana
344 1997 382 2061 de
405 1995 505 2078 capite
527 2015 592 2061 suo.
632 1995 721 2060 Tunc
743 1998 850 2075 surpet
865 1991 955 2073 filius
977 1991 1110 2075 aquile⁶,
1134 1999 1164 2058 et
1183 1993 1222 2058 in
1243 1991 1350 2058 oolatu

232 2105 287 2150 oo
320 2078 553 2150 uuloauurf
580 2083 635 2163 oo,
666 2088 717 2148 oc
745 2080 861 2146 xxa
888 2081 939 2148 so
962 2088 1037 2164 pou
1058 2081 1239 2161 concion
1260 2055 1474 2175 stogia),

196 2173 337 2256 rooonile
359 2171 477 2240 incidet
492 2171 543 2238 *in
558 2165 613 2236 os¹¹
632 2171 759 2252 leonis⁶,
784 2177 813 2236 et
829 2177 904 2254 post
925 2165 996 2236 bec¹
1019 2171 1065 2236 leo
1080 2172 1200 2237 nwdico
1215 2178 1349 2252 tempore
1360 2195 1448 2244 onon

232 2261 385 2344 repnabit.
436 2260 566 2327 Orietur
587 2259 672 2326 enim
700 2281 811 2326 ramus
840 2261 878 2326 do
906 2260 1016 2326 radice
1045 2259 1137 2342 repni
1159 2257 1350 2325 Friderious

233 2349 358 2416 nominc
380 2349 547 2416 oncntclis
555 2350 575 2426 ⁷,
605 2348 660 2432 qui
683 2348 847 2415 debellabit
872 2350 991 2414 leonem
1012 2354 1041 2413 et
1064 2349 1108 2414 ad
1129 2347 1281 2414 nichilum
1303 2367 1348 2412 re·

233 2438 324 2522 dipel,
359 2438 407 2503 ito
436 2445 472 2504 ut
501 2438 655 2504 memoria
684 2457 744 2502 soca
772 2457 838 2502 non
866 2436 910 2502 sit
938 2437 1076 2519 amplius
1103 2442 1347 2519 superterram.

237 2527 336 2594 Citius
359 2526 502 2609 potencie
531 2525 664 2594 brocbia
696 2528 902 2592 extendentur
923 2545 1021 2607 usque
1043 2527 1088 2590 ad
1108 2526 1206 2605 finem
1227 2523 1348 2590 mnndi.

196 2643 223 2682 a
234 2615 309 2698 Ipse
338 2615 421 2682 enim
451 2617 614 2699 impcmm
642 2613 819 2697 imperabit,
850 2620 878 2680 et
906 2615 963 2679 nob
989 2634 1023 2678 eo
1047 2634 1187 2678 summus
1202 2613 1351 2696 pontisas

233 2705 383 2788 capietur.
430 2705 508 2770 Post
535 2704 590 2770 beo
616 2703 802 2770 Tbcutonioi
831 2709 860 2768 et
882 2701 1035 2785 Hyspani
1064 2703 1351 2782 confederobuntur

233 2800 263 2859 et
292 2816 423 2878 repnum
445 2793 589 2860 Francia
620 2792 762 2876 redipenl
790 2791 827 2858 in
856 2790 1019 2857 nichitam.
1066 2791 1255 2876 Hucusque
1278 2812 1350 2876 pro-

234 2885 357 2968 phecia
381 2884 544 2949 Ionchim.
580 2885 653 2948 Iste
676 2875 1086 2948 idem10aohim¹¹abbas
1110 2885 1192 2948 anto
1214 2881 1350 2946 inchoe-

234 3093 256 3143 ι)
270 3093 512 3142 pugnaret-nutricum
526 3103 584 3136 corr.
598 3102 699 3144 pugnare
713 3103 731 3132 o.
785 3091 807 3140 b)
822 3091 941 3132 stoddI'.
996 3091 1017 3140 c)
1032 3090 1169 3134 nobilitor-P.
1224 3088 1247 3138 d)
1261 3091 1292 3129 stc
1307 3090 1352 3136 Tin·

198 3147 347 3194 bonumir
360 3157 392 3195 ο.)
406 3147 523 3196 Regnum
536 3146 566 3188 II.
621 3145 642 3197 o)
656 3145 897 3208 omn-‘surerenas
913 3144 950 3186 Ilo.
992 3143 1153 3194 odebllttatur
1166 3144 1196 3185 II.
1209 3144 1246 3186 Tio.
1293 3142 1316 3193 3)
1330 3144 1353 3182 ln

235 3200 285 3242 add.
300 3199 378 3243 ILI'lt.
458 3200 481 3252 h)
495 3211 535 3239 ora
548 3199 577 3242 II.
593 3199 630 3242 sn.
711 3197 965 3248 t)hc.;nooH.1n.
1028 3197 1115 3246 mbo.
1131 3197 1205 3240 1211.
1221 3197 1259 3235 Ilo.

237 3361 263 3426 1)
283 3360 324 3424 Cf.
344 3359 415 3413 Ana.
435 3359 569 3426 Iacuere,
589 3359 637 3418 SS,
651 3359 761 3426 XVIII,
785 3376 812 3427 p.
831 3360 893 3423 264,
919 3360 967 3426 qui
983 3358 1056 3410 nibil
1072 3359 1103 3411 do
1120 3359 1241 3424 conflicto
1259 3357 1354 3423 hacto

235 3447 298 3482 rum
320 3432 452 3495 referunt.
541 3433 570 3497 2)
599 3431 736 3484 Menon
755 3430 875 3496 Calabri,
901 3433 950 3497 qui
974 3429 1038 3482 obiit
1062 3447 1089 3482 a.
1108 3430 1187 3486 1202.
1222 3427 1278 3480 sid
1298 3430 1355 3481 sius

234 3503 340 3554 nomino
353 3509 443 3570 postca
455 3501 627 3554 multititudo·
639 3500 797 3569 prophetici,
812 3504 974 3570 pracsertim
986 3501 1069 3554 modio
1086 3516 1151 3556 san.
1161 3499 1244 3554 XIII.
1263 3515 1281 3552 a
1293 3499 1355 3563 tro-

201 3573 324 3626 attribuo
350 3573 505 3626 Minoribus
531 3573 660 3626 lonchitis
686 3573 791 3625 Italicis
817 3573 884 3625 editi
908 3579 980 3627 sunt.
1017 3572 1061 3635 Of.
1088 3573 1132 3627 ‘N.
1156 3569 1272 3624 drobio'
1290 3569 1355 3634 XV,

232 3661 262 3712 p.
284 3645 336 3698 144
353 3659 391 3710 sq.
428 3644 506 3697 Hom
527 3644 697 3712 prophetiam
721 3644 803 3711 paulo
824 3649 886 3710 post
909 3659 994 3696 mecm
1014 3643 1164 3696 corradini
1186 3642 1355 3709 compositam

236 3731 289 3768 csso
303 3721 386 3782 putot.
458 3715 486 3784 3)
505 3715 665 3768 IohanneI.
750 3715 778 3779 4)
795 3714 924 3768 Karotus.
1009 3715 1037 3780 b)
1058 3714 1237 3767 Conradinns.
1274 3711 1356 3765 Pater

236 3787 294 3839 aus
312 3786 452 3838 Corradus
470 3787 561 3853 aquila
579 3787 681 3838 dicitur
698 3789 778 3837 otram
795 3788 826 3838 in
844 3785 939 3837 Sibilla
958 3785 1097 3846 Erilbrcu
1110 3785 1154 3839 ιΝ,
1168 3783 1355 3850 Ανοήἰυ’ΧΥ,

234 3873 262 3926 p.
278 3859 337 3914 168.
370 3857 477 3909 Prdmat
494 3872 515 3912 c.
535 3860 578 3923 22,
598 3857 646 3912 SS.
663 3856 773 3923 XXVI,
796 3874 825 3924 p.
842 3859 908 3919 665,
935 3857 1118 3909 Conradinum
1140 3855 1204 3908 dicit
1229 3853 1305 3908 chIsf
1320 3852 1356 3906 du

201 3927 348 3997 soligncgs
366 3926 400 3980 de
418 3927 522 3997 l'siglo.
602 3930 629 3996 6)
650 3929 721 3981 Bene
744 3929 847 3980 monuit
872 3927 906 3980 K.
927 3927 1040 3995 Hampe,
1065 3926 1166 3981 ‘Gesclu
1184 3925 1356 3978 Kcnradins'

236 4017 263 4067 p.
283 4002 344 4064 30⁶,
362 4016 390 4054 n.
411 4002 435 4054 1.
453 4016 487 4052 aa·
510 3999 627 4052 hocloco
648 3999 1150 4068 poteroConradinumdioScpt.12.
1176 3997 1282 4049 Karoia
1300 4001 1358 4047 tra-

237 4071 323 4122 ditum
349 4086 410 4138 csse,
439 4073 488 4138 qui
511 4071 566 4135 fuit
584 4074 626 4126 21.
655 4073 711 4123 dtas
735 4085 753 4120 a
778 4071 820 4122 die
844 4071 914 4136 Aac.
933 4073 977 4136 23,
1004 4085 1055 4137 ouo
1079 4085 1175 4138 pupnc
1199 4071 1230 4120 in
1255 4082 1357 4136 campo

239 4141 379 4194 Potentius
402 4144 542 4195 commissa
560 4148 604 4196 ort.
695 4143 723 4208 7)
750 4140 874 4193 Moralio
898 4141 1051 4206 dfi'snonsis,
1079 4146 1141 4192 tunc
1164 4155 1243 4206 puer,
1264 4139 1359 4208 procul

238 4213 318 4266 dnbio
344 4213 452 4281 dicitur,
478 4213 510 4266 do
534 4229 586 4281 quo
605 4211 733 4266 Gibdlini
755 4214 848 4265 statim
869 4219 928 4280 post
953 4218 1063 4264 morum
1089 4211 1241 4264 Gourodini
1264 4209 1358 4264 mnam

166 4283 176 4294 “
204 4296 311 4352 ioman
328 4290 507 4354 conopeum.
