3222 4850
353 389 519 446 GRONIOA
531 389 559 446 S.
570 388 687 444 PETRI
698 389 960 446 ERFORDENSIS
972 389 1064 447 Mon.
1082 393 1117 447 A.
1129 395 1206 449 1274.
1296 395 1348 449 269

231 575 358 657 absque
374 573 528 650 licencia,
554 577 589 638 et
605 574 696 656 quod
713 573 922 638 contrarium
945 574 1113 640 facientes
1136 575 1344 640 sentenciam
1359 589 1437 642 1274.

231 662 594 729 excommunicacionis
616 663 805 726 incurrant.
844 661 1005 727 Ceterum
1027 663 1100 746 ipse
1123 685 1213 748 papa
1236 665 1347 729 decre·

230 753 281 816 vit
303 753 340 815 in
364 751 509 816 concilio
533 753 575 816 de
599 751 777 816 ordinibus
803 751 1077 816 mendicancium
1107 757 1143 816 et
1165 773 1235 817 non
1257 774 1347 819 men-

231 841 424 906 dicancium
458 840 626 917 ordinare,
658 843 761 924 prout
795 841 986 904 animarum
1020 840 1125 904 saluti
1160 846 1195 906 et
1229 862 1346 906 eorum

199 929 358 994 sstatui²
384 929 509 994 viderit
532 929 691 1013 expedire
701 928 723 990 1.
843 922 953 994 Iteml
982 927 1167 1013 Gregorius
1189 951 1280 1015 papa
1302 932 1345 994 X.

231 1019 354 1082 statuit
389 1020 431 1083 de
465 1017 634 1083 electione
664 1037 752 1103 pape
781 1018 818 1081 in
853 1017 1032 1083 decretali:
1075 1017 1106 1084 U
1109 1017 1141 1082 bi
1167 1018 1346 1099 periculum

230 1105 363 1186 maiust
395 1107 486 1190 quod
517 1107 682 1171 defuncto
712 1127 802 1190 papa
832 1106 1022 1172 cardinales
1053 1110 1283 1172 convocentur
1308 1109 1345 1171 in

231 1196 264 1259 X
286 1196 407 1261 diebus
430 1199 465 1260 et
488 1195 703 1273 claudantur,
728 1195 875 1278 quilibet
891 1216 968 1259 cum
991 1216 1060 1260 uno
1081 1196 1260 1275 serviente,
1283 1188 1345 1262 c'le·

230 1286 299 1349 rico
321 1285 377 1350 vel
399 1284 497 1362 laico,
523 1287 558 1349 et
580 1305 651 1349 non
674 1284 914 1366 egrediantur⁰
935 1304 998 1349 nec
1022 1285 1165 1349 mittant
1187 1287 1347 1350 nunctios

196 1397 222 1436 ιο
231 1377 292 1437 aut
320 1374 455 1438 litteras
484 1393 548 1438 nec
578 1374 682 1438 alicui
713 1377 810 1437 extra
832 1373 1027 1456 loquantur,
1052 1373 1112 1438 sed
1136 1373 1267 1456 eligant
1291 1397 1345 1458 pa·

229 1483 319 1546 pam.
354 1462 391 1526 Si
407 1465 522 1527 autem
546 1463 638 1526 infra
659 1464 730 1526 tres
749 1461 821 1526 dies
844 1483 915 1526 non
938 1461 1082 1545 eligunt,
1106 1463 1143 1526 in
1159 1463 1236 1527 aliis
1251 1465 1345 1546 quin-

230 1572 295 1635 que
318 1551 439 1616 diebus
462 1550 748 1634 subsequentibus
774 1571 883 1614 uuum
914 1550 1024 1614 solum
1050 1551 1221 1616 ferculum
1245 1552 1347 1616 detur

231 1641 294 1717 eir;
320 1645 355 1705 et
378 1641 406 1704 si
429 1661 498 1704 non
522 1639 657 1722 eligunt
680 1634 838 1723 papaml,
863 1639 971 1703 nichil
1002 1639 1079 1722 plus
1102 1643 1222 1724 postea
1245 1641 1347 1705 detur

230 1729 278 1793 eis
308 1729 375 1792 nisi
404 1729 618 1792 solummodo
648 1728 746 1811 panis
776 1730 831 1792 et⁰
859 1729 978 1811 aqua⁸,
1004 1730 1112 1794 donec
1143 1730 1346 1812 provideant

196 1817 371 1882 aecclesie
396 1817 438 1881 de
461 1837 560 1900 papa.
600 1815 801 1880 Oardinales
824 1817 884 1899 qui
906 1817 1021 1881 claudi
1046 1819 1271 1882 contemnunt
1295 1839 1345 1882 ca·

228 1909 328 1970 reant
344 1905 512 1971 electione
528 1907 604 1990 ipsa
618 1906 702 1983 vice,
727 1909 763 1970 et
785 1905 989 1989 irrequisitis
1006 1906 1055 1971 eis
1078 1906 1227 1990 eligatur
1243 1927 1344 1991 papa.

230 1994 430 2059 cardinales
454 1995 512 2077 qui
536 1997 656 2059 contra
677 1994 826 2059 fecerint
847 1995 904 2059 vel
927 1995 1087 2059 nunctios
1111 1995 1266 2060 miserint
1290 1997 1343 2060 vel

230 2083 373 2160 litteras,
397 2083 472 2167 ipso
494 2083 590 2147 facto
614 2083 978 2148 excommunicacionis
1002 2085 1212 2148 sentenciam
1235 2085 1345 2148 incur-

229 2176 319 2236 runt.
352 2172 516 2236 Rectores
531 2175 648 2236 autem
664 2165 848 2250 civitatisf,
873 2173 996 2255 quibus
1013 2173 1095 2236 data
1118 2177 1169 2238 est
1192 2176 1346 2257 potestas

193 2261 296 2326 mista
331 2261 513 2326 claudendi
548 2261 747 2340 cardinales,
780 2261 809 2324 si
843 2264 964 2326 contra
998 2262 1153 2345 predicta
1186 2263 1343 2340 iecerint,

228 2351 302 2433 ipso
332 2351 405 2414 iure
436 2351 823 2415 excommunicacionis⁸
854 2351 1064 2415 sentenciam
1098 2351 1280 2415 incurrunt
1309 2354 1345 2416 et

228 2439 374 2504 infames
404 2442 494 2516 sunt,
519 2443 555 2503 et
584 2437 646 2502 illa
676 2439 797 2502 civitas
820 2441 873 2503 est
896 2433 1035 2502 statirn‘l
1061 2439 1246 2505 interdicto
1269 2461 1344 2524 sup·

228 2527 340 2611 posita
358 2530 394 2592 et
411 2527 603 2610 pontificali
622 2526 792 2612 dignitate
812 2546 947 2611 semper
967 2528 1110 2611 privata.
1212 2528 1346 2592 Statuit

229 2617 337 2681 eciam
353 2636 442 2699 papa
450 2617 472 2694 ⁴,
497 2616 589 2699 quod
612 2615 769 2680 canonici
791 2615 846 2681 vel
870 2615 1012 2681 ecclesie
1036 2616 1189 2681 volentes
1213 2637 1344 2682 cessare

194 2726 250 2770 rsa
282 2704 406 2770 divinis
440 2705 580 2788 publico
613 2705 843 2769 instrumento
877 2705 1030 2789 sigillato
1065 2725 1202 2770 oausam
1236 2706 1345 2789 ipsius

230 2794 431 2858 cessacionis
455 2793 648 2879 exprimant
671 2795 706 2858 et
722 2795 754 2858 ei
770 2793 965 2872 exhibeant,
990 2797 1130 2878 propter
1153 2815 1253 2877 quem
1278 2814 1345 2859 ces-

229 2903 302 2947 sare
331 2883 534 2960 intendunt;
566 2883 658 2966 quod
690 2883 719 2946 si
747 2903 818 2946 non
839 2882 996 2961 fecerint,
1020 2883 1075 2947 vel
1098 2883 1127 2947 si
1151 2903 1253 2947 causa
1275 2904 1345 2947 uon

228 2971 335 3036 luerit
357 2971 499 3036 inventa
521 2973 695 3045 canonica,
720 2971 878 3036 omnibus
902 2972 1124 3056 proventibus
1147 2977 1183 3036 et
1205 2972 1344 3037 redditi-

230 3060 301 3136 bus,
319 3080 384 3143 qus
400 3060 471 3125 illis
486 3061 665 3139 debentur,
689 3060 752 3125 illo
766 3064 922 3145 tempore
941 3061 1144 3126 cessasionis
1159 3061 1342 3136 carebunt;

193 3152 264 3215 met
294 3148 322 3213 si
352 3149 553 3233 receperint,
584 3150 786 3226 restituens,
818 3149 847 3213 si
876 3153 993 3214 autem
1016 3169 1119 3214 causa
1143 3149 1344 3215 clericorum

228 3238 283 3303 vel
306 3231 548 3304 ecclesiarumh
569 3237 661 3302 iusta
683 3238 837 3302 iudicata
859 3237 976 3316 luerit,
1001 3237 1071 3314 ille,
1096 3259 1157 3322 pro
1181 3259 1247 3321 quo
1271 3238 1343 3302 olfi-

229 3327 319 3392 cium
341 3327 497 3390 divinum
519 3327 735 3391 subtractum
751 3331 812 3404 est,
837 3327 881 3390 ad
897 3346 998 3391 omne
1020 3327 1185 3391 interesse
1204 3328 1346 3391 tenetur

229 3419 264 3480 et
293 3437 314 3479 a
342 3415 456 3480 iudice
482 3415 739 3480 condemnetur.
848 3408 1046 3480 Sentencie¹
1078 3415 1344 3480 excommunica·

228 3503 335 3568 cionis
368 3504 519 3569 decrevit
541 3504 717 3569 subiacere
740 3504 832 3568 idem
855 3503 968 3589 papa⁵
991 3523 1078 3580 eum,
1103 3503 1162 3587 qui
1191 3503 1345 3588 pervim

192 3593 283 3660 uvel
306 3607 374 3676 per'
389 3595 519 3658 metum
543 3592 797 3658 absolucionem
827 3591 1192 3657 excommunicacionis
1214 3591 1269 3656 vel
1295 3613 1344 3657 re·

226 3681 445 3748 vocacionem
467 3682 523 3747 vel
545 3681 776 3766 suspensionis
799 3681 854 3746 vel
876 3680 1054 3747 interdicti
1076 3681 1268 3746 sentencias
1292 3689 1353 3746 ex·'

227 3872 250 3917 a)
262 3874 322 3912 statu
335 3874 355 3915 1.
368 3871 394 3912 Ε.
460 3870 808 3922 b)1rem-exrcnu(p.2¹10,
829 3871 843 3914 l.
858 3873 881 3921 1)
894 3871 975 3916 ouidi.
1041 3869 1154 3922 quum
1171 3867 1311 3920 emantur
1324 3872 1344 3914 1.

227 3922 250 3975 d)
260 3925 339 3968 ΜΒ.
386 3925 483 3974 emeli.
494 3925 615 3974 meltum
628 3929 653 3965 st
662 3935 703 3968 om.
713 3925 732 3967 1.
776 3925 920 3974 nutritum
930 3925 957 3968 B.
1000 3924 1182 3974 ss)sent.exc.B.
1222 3923 1344 3974 iinadab.

226 3977 243 4030 1)
257 3977 382 4029 Sententia,
399 3989 506 4029 uipereor.
520 3990 532 4019 s
547 3989 605 4018 corr.
620 3977 739 4020 sentencie
753 3979 772 4023 1.

189 4157 255 4223 sol)
279 4155 352 4210 Haec
371 4154 511 4226 (Ceterum
528 4185 562 4197 -
582 4153 721 4225 expedire)
747 4171 801 4210 son
825 4171 856 4208 aa
876 4157 1058 4209 commane
1078 4156 1219 4224 praedm
1235 4161 1343 4224 sanspta

226 4233 296 4282 sunt.
356 4229 383 4295 2)
404 4228 565 4282 Const.2=
580 4227 768 4282 &mama
785 4227 839 4292 l.I,
857 4229 896 4280 rit.
910 4227 936 4292 6,
952 4243 973 4281 c.
985 4229 1011 4282 3.
1077 4225 1203 4294 dlpanis,
1221 4226 1342 4280 viuum

227 4300 255 4350 et
272 4297 435 4366 aqualata
452 4301 603 4353 maturio
617 4299 763 4369 praedm
828 4299 857 4366 4)
877 4297 964 4352 cona
982 4300 1016 4353 17
1029 4322 1061 4342 =
1077 4299 1153 4350 Secti
1169 4299 1269 4352 Deerit.
1288 4299 1304 4353 l.
1318 4299 1343 4364 J,

227 4370 329 4435 tis.16,
354 4385 375 4422 o.
393 4373 418 4425 2.
491 4371 518 4438 b)
535 4370 622 4424 Germ.
641 4372 677 4426 20
695 4394 727 4414 =
747 4370 824 4422 Secti·
840 4368 942 4424 Dant.
968 4369 985 4424 1.
1005 4368 1029 4434 I,
1054 4370 1094 4424 rit.
1113 4371 1156 4425 20.
