3222 4850
269 405 437 461 ORONIGA
450 407 477 463 S.
488 405 602 462 PETRI
615 405 877 461 ERFORDENSIS
890 405 980 461 MOD.
1000 405 1034 462 A.
1047 410 1229 464 1261-1263.
1267 411 1319 464 251

201 585 236 638 ab
250 584 459 653 archiepiscopis
479 589 575 638 contra
587 585 716 638 Tartaron
735 589 763 638 et
775 584 829 638 alia
841 585 971 653 pericula,
990 590 1022 638 ut
1039 584 1215 653 perverbum
1233 585 1320 638 crucis
1330 596 1452 640 erman,

202 659 230 710 et
248 673 360 709 manum
381 661 514 710 armatam
534 663 561 710 et
579 674 629 726 per
642 656 781 710 oraciones
799 655 921 709 fidelium
940 656 1081 710 resistatur
1100 656 1216 709 inimicis
1236 658 1319 710 eecle-

201 745 238 798 sie
264 745 291 798 in
317 745 429 798 nomine
454 743 558 798 domini
582 745 668 798 nostri
693 743 757 798 Iesu
782 744 891 799 Christi.
1001 732 1184 797 Heinricus
1208 753 1321 798 eomes
1332 741 1410 794 1261.

201 823 314 886 iunior
339 823 381 886 de
406 821 547 886 Gliehin
571 821 658 885 obiit
668 822 688 882 1.

171 895 185 934 ⁶
307 903 478 959 MGOLXII.
515 903 575 958 Rex
601 905 778 958 Tartar-orum
803 904 877 957 misit
902 905 1037 958 solemnes
1061 905 1187 958 nunctios
1212 905 1322 958 circiter

200 974 320 1030 XXIIII
345 977 451 1030 nobiles
469 975 598 1030 Tartaro·
624 993 686 1029 cum
712 975 817 1029 duobus
835 975 965 1028 fratribus
983 975 1085 1029 ordinis
1103 975 1321 1042 Predioatorum,

201 1048 247 1115 qui
266 1051 356 1101 essent
374 1048 536 1116 interpretes
554 1048 724 1116 linguarum,
743 1047 777 1100 ad
796 1063 888 1116 regern
903 1045 1018 1100 &ancia
1035 1046 1223 1112 Lndewieum,
1243 1051 1274 1100 ut
1293 1063 1321 1100 se

201 1123 227 1171 et
245 1122 336 1171 totum
355 1135 470 1188 regnum
488 1118 604 1172 Francis
623 1117 724 1172 dicioni
742 1118 877 1172 subiceret
890 1117 1081 1186 Tartarorum3
1101 1118 1222 1186 alioquin
1235 1118 1320 1172 Fran·

201 1189 271 1242 eiam
299 1189 452 1259 inpugnare
478 1207 514 1243 se
538 1189 636 1243 velle
661 1194 785 1258 tempore
808 1188 974 1258 procedente
993 1189 1205 1242 comminati
1230 1195 1320 1246 sunt.

165 1259 281 1330 ¹⁰Quod
300 1259 464 1314 Ludewicus
491 1277 539 1314 rex
565 1260 659 1314 habito
688 1260 801 1314 consilio
829 1277 892 1314 cum
916 1259 1083 1328 primoribus
1101 1260 1179 1331 regni
1197 1261 1238 1313 sui
1257 1277 1320 1314 eon·

200 1336 305 1385 stanter
332 1332 448 1386 rennuit.
486 1331 565 1400 Ipsos
591 1335 684 1384 tamen
711 1330 838 1384 nunctios
865 1329 1015 1385 honorifice
1032 1330 1151 1385 Parisius
1178 1331 1268 1385 tenuit
1294 1335 1321 1385 et

200 1419 286 1470 usque
305 1401 341 1455 ad
358 1419 458 1472 papam
478 1401 668 1456 Alexandrum
687 1401 801 1471 pacifice
819 1402 931 1457 remisit.
1034 1401 1141 1456 Eodem
1159 1420 1231 1456 anno
1249 1419 1321 1472 papa

199 1472 359 1528 Alexander
377 1474 405 1526 in
424 1474 469 1527 die
487 1475 573 1527 sancti
591 1473 697 1528 Urbani
714 1491 786 1543 pape
804 1473 950 1527 defunctus
975 1477 1017 1528 est
1035 1474 1063 1526 in
1082 1472 1205 1528 Bitervio
1224 1478 1252 1527 et
1270 1474 1321 1527 ibi-

201 1544 263 1600 dem
290 1545 426 1614 sepultus3
455 1549 482 1598 et
501 1545 615 1598 cessavit
640 1545 697 1598 vel
715 1545 864 1598 vaeavit
883 1544 1055 1613 episcopatus
1073 1562 1157 1613 usque
1176 1545 1211 1598 ad
1229 1545 1320 1598 decol-

164 1623 189 1663 15
200 1616 335 1669 larionem
355 1615 442 1669 saneti
460 1615 591 1669 Iohannis
618 1617 743 1684 baptiste,
763 1614 983 1668 discordantibus
1002 1615 1184 1670 cardinalibus
1202 1616 1231 1668 in
1250 1616 1320 1670 eleo-

200 1687 290 1752 tione,
309 1691 375 1740 tunc
387 1687 529 1756 elegerunt
540 1687 723 1756 patriarcham
737 1685 1007 1740 lherosolimitanum
1019 1686 1153 1741 Iacobum
1171 1687 1199 1740 in
1211 1704 1321 1756 papam,

200 1762 227 1812 et
244 1763 358 1812 vocatus
376 1764 418 1812 est
435 1757 564 1812 Urbanus
582 1775 655 1827 papa
672 1757 761 1813 HIL*
878 1756 963 1826 Ipso
982 1775 1074 1811 anno
1092 1759 1177 1812 frater
1196 1757 1320 1813 Theode-

198 1829 272 1882 ricus
299 1828 423 1882 ordinisss
444 1829 652 1883 Predioatorum
679 1828 736 1883 iotu
762 1829 878 1882 tonitrui
904 1846 1100 1897 percussus
1125 1830 1189 1884 ilico
1208 1829 1320 1884 defunc·

199 1904 242 1954 tus
261 1903 309 1956 est.

162 1999 190 2038 ao
307 1976 437 2041 Eodem
461 1999 551 2042 anno
575 1977 760 2041 defunctus
785 1977 859 2041 est²
881 1976 1064 2041 Volmarus
1088 1977 1193 2042 abbas
1217 1999 1440 2061 quon-(naar).

201 2067 280 2130 dam
305 2071 340 2130 et
363 2066 400 2129 in
423 2070 539 2130 monte
563 2070 760 2130 sanctorum
785 2065 1018 2150 apostolorum
1042 2065 1136 2132 Petri
1161 2071 1196 2131 et
1219 2067 1320 2131 Pauli

200 2155 388 2220 honorifice
410 2155 615 2219 tumulatus.

308 2237 403 2291 'Anno
415 2237 527 2293 Domini
539 2237 739 2294 Meamne
764 2238 849 2292 Venit
867 2237 978 2306 quidam
998 2256 1060 2292 cum
1079 2239 1201 2292 exercitu
1220 2256 1320 2308 magno
1330 2213 1451 2315 ffffiw

200 2309 293 2364 dicens
320 2327 349 2364 se
377 2327 434 2364 esse
452 2309 624 2364 Fridericum
651 2310 854 2378 imperatorem,
883 2309 930 2377 qui
958 2315 1020 2363 ante
1039 2309 1066 2364 X
1085 2326 1171 2363 annos
1197 2315 1319 2364 mortuus

163 2380 296 2437 assuerat.
334 2380 390 2434 Hic
407 2379 588 2452 inpugnaritll
612 2379 782 2435 Menfridum
800 2381 953 2450 principem
971 2381 1082 2449 Apulis,
1108 2397 1172 2434 eum
1191 2386 1320 2434 strennue

220 2453 425 2521 erseqnebatur,
453 2469 574 2507 asserens
602 2469 630 2506 se
657 2452 729 2506 velle
756 2452 889 2507 rehabere
915 2469 1032 2506 renum
1050 2451 1153 2521 Apulis
1172 2457 1200 2506 et
1218 2451 1319 2507 Sicilie.

198 2471 336 2578 Eodem
355 2524 469 2578 eciam
488 2541 559 2578 anno
578 2522 632 2576 fuit
649 2523 756 2592 eclipsis
774 2524 838 2577 lune
858 2541 874 2577 a
891 2541 935 2578 me
956 2525 982 2578 ia
994 2529 1075 2578 nocte
1094 2523 1231 2591 usquead
1250 2522 1319 2576 dilu·

200 2596 301 2664 culum,
321 2599 348 2648 et
367 2595 394 2648 in
413 2595 568 2677 sanguineo
587 2595 678 2649 colore
697 2595 744 2647 diu
763 2595 905 2650 laboravit.
1013 2593 1141 2649 Urbanus
1160 2611 1231 2662 papa
1248 2591 1319 2649 IIII.

200 2671 368 2736 congregata
396 2666 573 2720 multitudine
601 2671 658 2719 tam
687 2666 753 2720 oleri
776 2682 858 2734 quarn
885 2665 980 2735 populi
1008 2683 1070 2720 oum
1091 2665 1274 2718 cardinalibus
1293 2670 1320 2719 et

163 2737 375 2806 sepontificibus
392 2736 493 2794 XIIII.
506 2737 571 2794 Kal.
584 2736 744 2791 Decembris
761 2737 865 2805 incepit
882 2737 1023 2806 predicare
1035 2737 1195 2790 solemniter
1211 2753 1320 2790 crucem

199 2807 228 2861 in
254 2825 413 2862 succursum
431 2809 516 2862 Terre
535 2807 635 2863 Sancte
660 2812 690 2861 et
714 2808 844 2861 fratribus
861 2807 1015 2862 Minoribus
1040 2825 1072 2862 ac
1097 2807 1320 2862 Predioatoribus

199 2897 249 2950 per
267 2881 370 2934 litteras
389 2879 549 2950 apostolicas
568 2880 645 2934 datas
658 2878 778 2933 Viterbii
796 2879 889 2933 stricte
907 2879 983 2934 dedit
1001 2880 1030 2932 in
1048 2879 1186 2933 mendatis
1205 2880 1320 2934 eandem

199 2968 309 3006 crucem
328 2952 461 3005 instanter
479 2955 507 3005 et
525 2951 673 3021 diligenter
691 2968 741 3020 per
758 2950 809 3003 Dei
835 2951 977 3006 eeclesiam
1001 2951 1143 3020 predicare
1163 2967 1225 3004 cum
1244 2952 1321 3022 larga

200 3022 376 3094 indulgencia
392 3023 421 3076 in
440 3021 591 3076 subsidium
609 3022 695 3076 Terre
715 3021 821 3078 Sancte.

163 3117 190 3158 se
307 3097 538 3164 MOOLXIII.
574 3099 617 3162 In
642 3103 762 3163 sancta
784 3098 975 3165 festivitate
1000 3098 1164 3182 paschali,
1188 3098 1408 3164 scilicet1263.

200 3210 267 3272 que
284 3193 359 3253 erat
372 3190 428 3252 in⁰
442 3187 521 3252 Kal.
532 3189 670 3272 Aprilis,
685 3187 847 3252 soldanus
858 3187 1058 3253 Babilonie⁴
1070 3191 1204 3251 armata
1215 3209 1320 3252 mann
1330 3210 1386 3260 rer.
1395 3211 1413 3251 ι.

201 3278 337 3343 obsedit
360 3278 535 3343 civitatem
560 3278 687 3341 Aecon.
723 3275 819 3339 Tunc
842 3275 962 3360 populi
986 3275 1177 3340 Christiani
1201 3278 1321 3341 coadu-

315 3467 341 3536 *)
361 3467 395 3518 In
416 3470 430 3522 1
456 3466 543 3519 οαιίοηι
570 3482 660 3531 mrsu,
687 3465 732 3518 seri
756 3465 905 3518 minorihus
931 3465 1025 3518 litteris
1051 3467 1225 3518 interlineas
1249 3472 1273 3518 et
1291 3469 1321 3517 in

361 3573 447 3623 marp.
467 3557 546 3609 odd:
565 3549 618 3624 qui
634 3548 773 3604 instituit
794 3547 912 3604 festum
928 3547 1115 3604 venerabilis
1132 3549 1321 3605 sacrementi

162 3653 191 3692 eo
362 3657 434 3697 eum
457 3637 674 3712 indulgenciis.

201 3823 224 3872 a)
238 3824 286 3868 ord,
298 3823 364 3867 Pred.
378 3823 411 3863 bia
424 3835 466 3867 scr.
481 3827 499 3866 l.
572 3823 595 3870 b)
615 3824 646 3862 ele
660 3823 693 3868 11,-
714 3821 852 3872 repugnante
866 3824 885 3864 1.
965 3823 985 3870 e)
1005 3821 1128 3870 messiach·
1150 3821 1229 3868 111.1;
1253 3821 1321 3861 terclo

202 3878 235 3917 ιν
244 3877 295 3923 HL*
311 3879 338 3925 es,
351 3889 420 3926 supro
434 3889 458 3927 p.
471 3877 519 3927 281,
534 3889 555 3920 a.
569 3887 586 3919 r.

204 4039 230 4103 l)
252 4037 375 4090 Alterius
392 4053 417 4092 n.
432 4039 509 4092 1258.
528 4036 648 4100 defuncti
671 4042 695 4087 et
712 4035 794 4088 leuius
812 4035 898 4088 obitam
916 4039 945 4087 in
963 4035 1064 4091 h'eerol.
1083 4037 1110 4090 S.
1122 4037 1204 4100 Petri,
1222 4036 1324 4088 Seian-

201 4115 260 4174 nai,
282 4108 361 4163 Vini.
387 4108 456 4164 liter.
475 4108 514 4173 ΙΙ,
536 4124 566 4174 p.
587 4110 629 4163 17.
648 4109 691 4173 26,
716 4107 754 4158 ad
777 4107 845 4158 diem
863 4108 924 4161 Ian.
943 4109 986 4164 20.
1009 4114 1032 4159 ei
1050 4107 1116 4162 Neo.
1137 4111 1178 4164 18.
1202 4108 1325 4160 Mnotati

164 4180 333 4236 mudantur.
417 4179 445 4250 2)
466 4179 518 4231 Die
536 4179 596 4233 Ian.
616 4181 659 4242 27,
678 4178 781 4232 Neorol.
801 4179 828 4236 S,
842 4179 917 4231 Petri
933 4179 987 4234 rod.
1006 4179 1126 4242 Helwics,
1148 4180 1191 4233 ‘N.
1210 4180 1322 4232 Arcbic'

204 4250 305 4316 XXII,
325 4269 355 4318 p.
369 4253 436 4318 5133
455 4251 603 4314 Sohannut,
628 4250 706 4302 Vinci.
727 4249 855 4314 liter.11,
871 4268 901 4318 p.
915 4252 955 4304 17.
1037 4251 1064 4318 3)
1084 4251 1225 4317 Sequentia
1244 4251 1322 4306 (tem

204 4322 298 4374 Minor
315 4323 352 4374 cd
369 4339 394 4376 a.
415 4324 493 4378 1262.
518 4321 602 4386 babet,
625 4327 649 4373 et
668 4322 791 4387 priorem
809 4336 899 4374 emam
920 4329 1025 4389 partem
1045 4323 1124 4374 σοιἀηι
1144 4323 1223 4377 Crosa.
1243 4323 1324 4374 Reiu-

203 4393 328 4446 aaran.
348 4395 384 4444 ori
401 4409 426 4448 a.
442 4395 518 4448 1262.
533 4391 650 4459 prada.
721 4393 750 4460 4)
769 4393 876 4448 Biturs.
