3232 4856
590 377 758 434 ORONIOA
776 377 910 434 MINOR.
1258 382 1310 437 501

194 559 359 641 scripsisse
383 567 480 642 patet,
512 582 581 626 cum
609 560 761 626 Hauriat
790 559 880 626 ducis
909 560 1110 627 Kamutdiae
1139 561 1196 626 icoo
1225 581 1312 627 anno

194 648 336 728 defuncti
359 649 473 714 obitum
497 649 783 715 commemoraverit
791 649 811 714 1.

305 737 409 802 Codex
438 738 617 820 deperditus
646 737 742 803 huius
764 738 876 804 classis
905 759 974 803 cum
1002 737 1246 804 Continuatione
1273 739 1310 804 V.

193 833 223 891 et
245 833 350 891 sectae
367 833 462 908 parte
478 827 613 908 priore²
635 827 793 908 eusuupta
816 834 862 892 est
882 826 919 892 in
940 826 1185 892 Continuatione
1213 827 1311 892 Cicro-

162 914 261 980 sm'ci
292 915 565 980 Veterocellensis³
593 915 712 981 saeculi
737 917 838 998 XIV,
869 915 963 996 iufra
992 914 1030 980 in
1061 916 1234 998 appendice
1257 915 1310 998 (I)

194 1003 287 1069 edita.
335 1003 410 1069 Iam
431 1003 517 1086 ipsos
539 1005 659 1070 codices
680 1025 915 1070 recenseamus:

299 1091 333 1156 B
352 1087 380 1176 1)
420 1091 524 1158 Codex
553 1093 754 1158 bibliothecae
782 1092 951 1174 pdutinae
981 1093 1311 1158 Vindobonensis

193 1181 267 1246 Lat.
298 1202 349 1245 nr.
374 1187 438 1245 589
470 1180 560 1264 (otim
590 1182 677 1246 Hist.
702 1182 791 1263 prof.
817 1187 891 1264 844,
922 1181 1073 1247 Ambras.
1099 1183 1190 1265 255),
1221 1203 1311 1263 quem

193 1269 230 1334 in
251 1269 362 1352 priore
385 1269 521 1335 editione
542 1291 612 1335 neca
634 1269 703 1334 Bs
727 1270 863 1353 sipnaoi,
895 1277 936 1334 41
961 1269 1043 1350 folia
1070 1273 1311 1336 membranacea

159 1380 185 1419 10
193 1359 316 1438 formae
353 1359 530 1440 quadratae
567 1359 702 1423 minoris
740 1359 916 1440 continens,
955 1359 992 1424 in
1029 1359 1143 1441 quibus
1180 1358 1310 1440 puidam

195 1447 377 1512 Iohannes⁴
406 1449 530 1513 saeculo
555 1447 656 1512 XIV.
693 1446 863 1513 (ironicam
885 1447 1050 1513 Minorem
1078 1448 1233 1513 seacudae
1265 1468 1310 1512 rc·

193 1535 349 1602 censionis
379 1557 448 1601 cum
476 1535 719 1602 Continuatione
750 1537 785 1600 V.
811 1557 931 1618 parum
960 1535 1129 1618 ditipenter
1150 1535 1308 1617 scripsit5.

192 1625 301 1689 Multa
324 1624 436 1706 primo
464 1647 564 1690 manu
593 1627 737 1690 mendose
766 1625 886 1706 sarapta
915 1625 1044 1706 enupso
1068 1624 1170 1690 codice
1196 1623 1309 1706 quiin

192 1714 250 1778 troo
278 1714 438 1795 exemplar
467 1713 695 1795 transscriptus
724 1720 769 1779 est
796 1717 962 1780 euenum
988 1715 1090 1794 sunt⁶,
1127 1714 1182 1778 sed
1214 1713 1309 1778 edun

157 1803 291 1868 nnmlta
312 1803 428 1866 casada
455 1802 551 1867 luins
573 1801 694 1868 scribae
716 1809 947 1868 remanserunt.
992 1801 1172 1883 Aliquoties
1193 1801 1231 1866 iu
1253 1801 1309 1867 lcoc

192 1889 295 1956 codice
316 1891 499 1972 particulae
521 1891 720 1973 popinarum
744 1914 765 1956 a
788 1891 885 1957 latere
914 1898 1013 1956 tentus
1041 1911 1160 1956 uacuae
1181 1889 1309 1956 relictae

192 1986 273 2045 sunt.
322 1981 412 2061 Quod
431 1979 499 2044 iam
520 1979 558 2044 in
580 1981 748 2062 archetypo
769 1980 865 2045 iuius
886 1979 1080 2046 recensionis
1101 1980 1222 2059 factum
1244 2000 1309 2044 esse

191 2068 323 2148 oidetnr,
348 2069 472 2134 utalia
489 2075 600 2150 posteo
621 2069 701 2133 addi
718 2074 854 2150 possent.
1229 2107 1237 2118 ·

298 2155 398 2240 ΒΡ)
434 2157 537 2223 Oodea
567 2157 858 2223 Pesticinensr's
887 2157 998 2222 Musei
1027 2156 1171 2222 nadonis
1203 2157 1308 2238 Unpa·

156 2245 280 2311 sericae
302 2246 377 2311 Lat.
409 2267 460 2311 nr.
486 2252 549 2311 229
562 2247 581 2327 ⁷,
611 2247 751 2311 chartac.
774 2246 845 2327 fol,
878 2268 909 2310 a.
937 2251 1031 2309 1426.
1060 2265 1123 2327 per
1151 2245 1308 2326 quendam

197 2334 378 2400 Osraaldnm
401 2355 439 2399 ea
457 2335 560 2400 codice
583 2334 666 2400 anni
683 2340 778 2399 1421.
802 2333 840 2398 in
855 2335 1014 2416 exemplar
1036 2333 1115 2399 satis
1131 2333 1306 2415 perspicue,

192 2425 247 2488 sed
263 2421 499 2488 mendosissime
521 2423 778 2504 transscriptrcs⁸‚
802 2423 840 2487 in
858 2423 948 2503 foliis
964 2429 1004 2486 52
1028 2422 1066 2487 in
1081 2421 1175 2486 binas
1197 2423 1307 2487 colum-

192 2533 253 2576 nas
275 2511 390 2576 diuisis
412 2513 510 2576 solam
534 2511 703 2577 (ironicam
718 2511 883 2576 Minorem
904 2518 941 2575 ut
956 2510 1020 2575 Bl
1046 2531 1116 2575 nun
1136 2509 1306 2575 Continua-

193 2600 331 2666 tionilms
354 2600 389 2664 V.
417 2607 447 2664 et
472 2600 529 2664 VI.
561 2606 591 2664 ct
612 2599 799 2679 Bolsemica,
829 2599 921 2680 foliis
944 2597 1091 2663 52‘—55
1122 2597 1232 2663 uacuis
1260 2619 1306 2663 re·

157 2800 183 2840 rc
194 2793 220 2858 1)
245 2791 285 2844 W.
305 2790 394 2842 Eram
419 2791 436 2844 l.
456 2791 471 2844 l.
497 2791 568 2842 hunc
594 2791 677 2842 locum
699 2795 791 2858 postea
816 2792 945 2842 insertum
969 2805 1022 2842 esse
1046 2791 1161 2856 uniens,
1182 2791 1308 2856 minatus

193 2863 254 2926 fieri
278 2863 434 2929 oportuisse,
457 2867 487 2912 ut
511 2867 606 2913 auctor
626 2862 761 2914 Benedicti
779 2861 846 2916 XII.
867 2877 958 2928 papae
978 2863 1134 2914 mentionem
1151 2861 1263 2926 fecisset,
1284 2863 1309 2914 si

190 2939 251 3000 post
274 2949 301 2984 a.
321 2934 397 2986 1334.
422 2933 578 2999 scripu'ssct.
615 2932 673 2984 Hoc
696 2947 757 2984 oero
777 2948 831 2984 non
856 2934 962 2984 omnino
979 2933 1106 2996 mmedes,
1131 2948 1190 2984 mm
1214 2938 1308 2984 auctor

193 3005 240 3056 troc
254 3019 331 3070 papa
348 3005 453 3068 memte,
466 3003 581 3067 fertone
596 3018 650 3055 uuo
663 3008 767 3054 tantum
779 3019 851 3055 anno
865 3009 928 3070 post
938 3004 1081 3056 electionem
1093 3006 1150 3056 eius
1161 3006 1307 3071 sumpserit.

192 3075 220 3138 2)
238 3075 289 3126 Sed
307 3075 389 3126 iuius
408 3080 511 3126 tantum
530 3077 790 3130 nemusculum.
810 3077 943 3142 exscripta
964 3081 1008 3129 est.
1045 3075 1194 3140 Ipnoratur
1212 3077 1307 3140 ipitur,

158 3157 258 3197 sonum
283 3148 311 3196 in
336 3145 381 3197 illo
404 3147 487 3198 codice
511 3147 567 3196 iam
591 3146 695 3212 reliqua
712 3147 794 3198 huius
813 3148 906 3212 partis
923 3161 1005 3213 usquc
1023 3146 1059 3196 ad
1076 3163 1102 3200 a.
1117 3148 1194 3201 1276.
1214 3147 1307 3198 addito

193 3218 305 3282 fuerint.
377 3219 404 3283 3)
423 3218 494 3269 Nota
519 3219 597 3270 etiarn
619 3217 667 3268 troc
684 3220 875 3269 monaster-ium
893 3218 999 3270 ordinis
1018 3216 1197 3270 amonensis
1214 3217 1306 3282 fnisse.

191 3289 219 3354 4)
231 3289 273 3352 Cf.
286 3304 373 3354 supra
380 3305 410 3354 p.
420 3290 482 3351 487,
494 3304 521 3342 u.
531 3291 557 3342 3.
611 3288 639 3356 5)
651 3288 694 3352 Of.
704 3288 826 3340 ‘Archiv'
834 3288 871 3354 X,
884 3306 912 3356 p.
925 3290 992 3354 4803
1010 3288 1073 3343 rao.
1086 3288 1159 3342 codd.
1171 3303 1306 3341 manuscr.

196 3359 341 3412 Vindobon.
360 3359 384 3426 I,
403 3376 432 3426 p.
454 3361 513 3414 102.
550 3359 711 3411 Praesertim
729 3360 882 3428 compendia
899 3359 1082 3411 vmamdmum
1101 3366 1124 3410 et
1140 3359 1307 3423 syllabarum

192 3429 248 3496 ubi,
273 3433 313 3497 ut,
338 3445 397 3496 nec,
423 3428 482 3496 nisi,
507 3445 564 3496 ver,
589 3429 631 3481 vir
652 3431 808 3498 plerumque
826 3433 854 3482 in
873 3431 920 3482 ooo
937 3429 1020 3482 codice
1037 3435 1060 3481 ct
1078 3432 1108 3480 in
1126 3431 1191 3482 aliis
1203 3445 1307 3497 parum

156 3511 183 3552 sc
187 3502 329 3568 perspicue
346 3503 447 3567 scripta
465 3508 536 3567 aaut,
556 3507 585 3552 ut
603 3503 650 3553 oin
667 3502 784 3554 discerni
797 3502 910 3568 possint.
967 3500 996 3568 6)
1015 3501 1110 3552 Prima
1125 3503 1231 3567 popina
1248 3517 1307 3553 cum

192 3573 265 3625 vome
277 3573 380 3624 damea
391 3578 463 3637 essa,
478 3574 612 3639 posterior
624 3589 721 3624 omnus
738 3575 768 3624 in
783 3573 895 3641 prompo
906 3571 1037 3638 quomam
1048 3574 1144 3624 uitiosa
1161 3573 1307 3640 inscripsit,

191 3659 259 3711 quae
275 3659 329 3695 non
347 3644 482 3696 adnotavi.
572 3647 598 3710 7)
624 3644 669 3695 Ad
684 3646 803 3711 priorem
828 3643 966 3695 editionem
986 3644 1144 3708 parandam
1168 3644 1212 3695 isia
1229 3644 1308 3696 codem

191 3731 244 3767 non
262 3714 399 3766 adhibitus
416 3720 462 3779 cst,
488 3714 528 3766 ilci
550 3717 673 3780 sipnatuc
694 3715 769 3768 133⁸.
858 3713 886 3780 8)
903 3713 976 3764 Nam
996 3719 1058 3780 past
1077 3715 1308 3767 continuationem

193 3787 360 3838 Bolsemicam
378 3786 502 3838 additum
519 3791 572 3838 est:
591 3783 671 3838 Nunc
690 3787 782 3838 sutem
800 3787 898 3854 regnat
916 3782 1106 3852 sigismundus
1124 3800 1174 3837 rex
1186 3783 1232 3838 Un
1285 3784 1308 3838 'c

155 3869 183 3908 co
191 3857 220 3909 in
231 3871 304 3908 nono
317 3871 388 3908 anno
402 3855 459 3910 eius
472 3855 616 3909 eleccionis
628 3860 656 3909 et
667 3871 791 3924 pronuna
802 3855 853 3907 sub
870 3870 941 3906 anno
953 3853 1065 3906 Domini
1077 3853 1224 3908 M⁰0000⁰
1297 3853 1308 3885 ⁰

191 3927 264 3984 circa
281 3926 382 3980 festum
400 3926 563 3981 ascensionis
580 3926 691 3978 Domini
709 3943 772 3980 cum
790 3923 910 3978 maxima
927 3923 1103 3978 multitudine
1122 3924 1307 3995 Ungui-iarum

192 4003 220 4051 et
238 3996 409 4080 Polorumd)
430 4041 437 4054 .
456 4042 462 4053 .
483 4041 488 4052 .
508 3999 537 4050 in
554 3995 764 4066 Nfirenbsrgam
789 3995 823 4048 sd
849 3994 1042 4049 celebrandum
1067 3996 1213 4050 concilium
1231 4013 1307 4052 reve·

191 4073 284 4122 center
306 4073 426 4124 accessit.
464 4067 596 4122 Proficiat
613 4066 665 4121 cisi
691 4075 735 4122 eta.
775 4069 848 4119 Tunc
871 4067 1049 4134 subscriptum
1070 4075 1123 4120 est:
1147 4067 1307 4136 Expliciunt

192 4139 308 4194 (ironice
329 4139 518 4193 Romanorum
535 4155 587 4208 per
606 4155 702 4191 munus
723 4137 842 4191 Oswuldi
863 4137 897 4191 de
919 4136 939 4190 S
949 4180 1027 4194 .....
1038 4155 1054 4191 a
1070 4141 1174 4207 (norum
1191 4156 1306 4195 eramm.

156 4209 213 4265 asS
237 4228 295 4264 uem
320 4213 489 4264 Woumcaca
517 4212 600 4277 tepere
623 4210 693 4261 mitri
717 4211 790 4262 casm
813 4225 882 4275 sum,
908 4225 963 4262 non
987 4207 1019 4275 1⁴¹,
1046 4216 1076 4262 ut
1102 4211 1192 4263 lirim
1218 4211 1307 4277 uoluit,

192 4283 308 4346 tardasse
325 4285 455 4350 scriptum
472 4289 531 4335 crat
548 4279 658 4350 Suesia)
677 4296 748 4333 anno
767 4279 878 4333 Domini
896 4278 1149 4337 macconem.
1168 4281 1196 4334 in
1214 4281 1308 4353 vigilia

192 4353 314 4406 omnium
331 4356 495 4408 sanctorum.
