3246 4866
333 375 385 428 366
475 367 666 424 ORONIOAE
680 367 707 424 S.
718 366 835 422 PETRI
847 365 1008 424 aurose.
1027 367 1134 425 OONT.
1144 367 1167 425 Ι.
1186 370 1222 425 Δ.
1234 373 1310 427 1334.

245 568 322 622 1334.
439 553 563 630 Primo,
589 553 680 635 quod
707 573 777 616 non
799 551 876 614 vult
898 554 974 615 toto
996 555 1151 635 tempore
1174 573 1235 618 suo
1258 553 1447 617 Romanam

333 643 512 708 ecclesiam
534 641 591 707 vel
618 641 769 724 aliquam
789 640 903 704 aliam
933 645 1054 704 contra
1077 640 1226 724 aliquem
1250 643 1444 707 hominema

333 731 546 796 materialem
576 730 731 814 gladium
761 749 918 794 exercere
947 729 1002 794 vel
1032 729 1146 795 facere
1176 751 1332 814 gwerras,
1364 724 1443 797 sedh

333 842 452 886 curare
487 821 530 884 de
565 839 658 903 paee.
778 818 935 882 Secundo
969 839 1039 882 non
1073 818 1168 883 vult⁰
1204 820 1448 885 marescalcum

333 910 426 974 curie
450 909 543 972 ultra
566 929 625 973 sex
647 927 780 973 menses
802 907 840 970 in
863 927 925 970 suo
946 927 1123 972 remanere
1141 909 1267 985 officio,
1292 929 1335 974 ne
1352 911 1471 974 dura-e

333 999 430 1063 cione
465 997 576 1064 multa
609 1001 749 1082 propter
783 995 925 1060 divicias
958 997 995 1059 in
1025 997 1221 1080 superbiam
1251 998 1448 1062 extollatur.

333 1081 474 1152 Tercio‘1
492 1107 562 1150 non
585 1085 670 1162 vult,
695 1086 787 1168 quod
810 1084 934 1168 aliquis
958 1088 994 1149 et
1016 1085 1178 1170 precipue
1201 1087 1381 1172 religiosus
1405 1088 1449 1152 ad

333 1177 464 1240 curiam
494 1197 555 1259 pro
586 1175 701 1258 aliquo
732 1174 898 1239 beneficio
928 1174 1144 1258 impetrando
1171 1176 1307 1241 veniree
1337 1197 1448 1261 presu-

333 1269 414 1342 mat,
440 1266 500 1329 sed
516 1265 608 1347 quod
624 1263 886 1348 disposicionem
909 1266 946 1327 et
964 1263 1217 1329 ordinacionem
1242 1259 1446 1349 expectentr

334 1360 368 1419 et
399 1354 592 1419 sustineant
621 1353 659 1416 in
692 1351 851 1417 omnibus
886 1371 1025 1416 suorum
1054 1351 1269 1417 voluntatem
1304 1355 1486 1438 prelato-10

333 1465 419 1507 rum.
529 1435 684 1520 Quartae
717 1462 786 1505 non
815 1439 892 1504 vult
922 1440 1160 1524 religiosorum
1195 1441 1449 1527 appellaeiones

334 1536 369 1596 et
399 1533 500 1616 fugas
526 1531 643 1595 venire
674 1530 718 1593 ad
749 1529 888 1606 curiam,
920 1529 980 1594 sed
1010 1531 1280 1595 correctionibus
1310 1552 1449 1596 suorum

336 1621 545 1704 prelatorum
583 1619 768 1683 dimittere.
900 1616 1030 1698 Quinto
1074 1618 1296 1684 elemosinam
1334 1641 1449 1685 mense

335 1708 467 1794 papalis
490 1709 644 1773 restituit
668 1707 884 1792 pauperibus,
909 1727 975 1789 que
1003 1711 1084 1772 ante
1107 1730 1168 1791 per
1190 1708 1379 1774 familiares
1403 1710 1449 1773 di·
1559 1699 1563 1708 ’

334 1797 554 1950 fipissbmrssq
566 1798 692 1949 dxqoqua
707 1801 851 1949 poslspnp
867 1799 1006 1948 plantum
1022 1816 1164 1949 personp
1179 1798 1278 1949 pelio}
1297 1797 1449 1902 multum
1462 1825 1487 1862 a

349 1909 393 1951 au
432 1934 439 1949 .
556 1907 574 1950 e
657 1906 829 1968 quemre
894 1905 1044 1950 omrnem
1066 1906 1141 1950 ares
1158 1907 1180 1950 a
1196 1907 1254 1950 um
1294 1909 1332 1951 ιιι
1356 1907 1448 1951 euna

335 1976 447 2040 solvit.
556 1974 710 2059 Septimo
740 1975 899 2039 omnibus
929 1974 1072 2058 prelatis
1101 1975 1138 2038 in
1170 1975 1266 2039 curia
1295 1997 1356 2060 pro
1380 1977 1449 2058 qui·

335 2065 544 2148 buseumque
574 2063 726 2147 negociis
757 2063 983 2128 existentibus
1011 2063 1206 2146 generalem
1230 2065 1327 2128 dedit
1350 2063 1450 2129 lieen-

335 2153 422 2218 eiam
452 2152 636 2218 recedendi
665 2155 701 2216 et
730 2152 920 2236 quemlibet
942 2151 1019 2216 vult
1047 2153 1084 2216 in
1114 2174 1176 2218 suo
1200 2153 1366 2218 beneficio
1390 2173 1449 2218 seu

335 2242 480 2306 ecclesia
507 2242 666 2306 residere.
775 2241 905 2306 Octavo
937 2241 1096 2306 omnibus
1126 2242 1258 2307 clericis
1288 2243 1325 2305 iu
1355 2243 1488 2307 curiam

335 2323 537 2394 infirmatish
571 2330 627 2395 rel
665 2331 707 2394 de
746 2334 861 2395 cetero
897 2324 1129 2395 infirmandis¹
1171 2331 1268 2396 dedit
1305 2331 1450 2396 liberam

335 2420 539 2485 facultatem
563 2418 733 2484 condendi
754 2412 998 2494 testamenta&
1022 2440 1066 2484 ne
1085 2420 1176 2483 bona
1198 2420 1241 2485 ab
1263 2421 1312 2485 eis
1327 2420 1450 2484 relicta

335 2503 506 2573 indebite¹
533 2527 594 2591 per
617 2508 766 2591 aliquem
797 2511 1020 2592 occupentur.
1135 2508 1236 2574 Nono
1259 2510 1333 2593 ipse
1361 2529 1450 2592 papa

335 2597 481 2681 collegio
512 2597 740 2661 cardinalium
767 2597 915 2660 tradidit
945 2600 1085 2662 centum
1114 2597 1210 2661 milia
1245 2597 1449 2662 florenorum

335 2691 371 2750 et
393 2686 488 2749 ultra
511 2689 575 2751 et¹¹¹
598 2707 660 2769 pro
683 2705 745 2749 suo
767 2690 922 2770 tempore
946 2687 1166 2752 medietatem
1193 2687 1392 2752 reddituum
1415 2690 1451 2751 et
1461 2707 1488 2746 as

335 2778 566 2860 proventuum
583 2775 784 2859 patrimonii
802 2774 946 2840 ecclesie
964 2775 1117 2841 Romane
1140 2777 1185 2840 ed
1207 2777 1312 2840 istum
1336 2777 1449 2852 finem,

336 2867 375 2927 ut
398 2864 559 2940 creditur,
583 2883 627 2928 ne
648 2866 802 2939 teneant,
827 2865 888 2927 sed
903 2864 1084 2927 dimittant
1099 2863 1168 2929 alia
1185 2865 1359 2942 beneficia,
1384 2886 1450 2948 que

334 2955 477 3018 tenent¹¹
500 2953 627 3035 ubique
651 2973 712 3036 per
735 2953 853 3017 orbem
879 2955 1089 3017 terrarumm.
1198 2953 1340 3018 Decimo
1363 2954 1450 3026 vult.

335 3043 428 3125 quod
450 3042 591 3106 nomina
614 3039 824 3126 Guelphini⁰
845 3044 881 3106 et
904 3039 1064 3107 Gabelini
1086 3043 1156 3105 sint
1180 3044 1365 3107 anathema
1387 3063 1450 3106 nec

336 3131 379 3196 ab
403 3131 518 3214 aliquo
541 3131 772 3206 nominentur,
798 3151 876 3195 cum
899 3151 969 3193 non
985 3130 1056 3195 sint
1078 3131 1181 3214 pacis,
1205 3131 1266 3196 sed
1283 3132 1490 3196 discordieeo

335 3220 608 3284 incitamentum.
704 3218 890 3283 Undecimo
913 3219 999 3298 vult,
1024 3220 1115 3302 quod
1138 3241 1257 3285 omnes
1280 3219 1452 3304 capellani

336 3309 389 3372 sui
424 3311 525 3373 horas
555 3308 736 3373 canonicas
767 3307 885 3372 dicant
915 3329 993 3371 cum
1022 3312 1115 3386 nota,
1146 3313 1182 3373 et
1211 3309 1305 3392 quod
1334 3330 1452 3373 omnes

242 3415 271 3464 ‘a
280 3417 324 3460 aa.
336 3397 509 3462 dormiant
533 3396 591 3461 'in
613 3417 683 3460 uno
713 3397 914 3460 dormitorio
938 3416 977 3461 ac
1001 3397 1109 3461 ceiam
1132 3397 1315 3463 comedant
1338 3417 1450 3462 coram

336 3507 392 3564 e0;
429 3488 519 3569 quod
551 3486 791 3550 dormitorium
822 3485 891 3548 iam
927 3488 980 3550 est
1013 3486 1050 3548 in
1080 3487 1174 3551 fieris
1209 3507 1271 3570 pro
1305 3487 1450 3563 eisdem;

336 3597 398 3640 nec
422 3575 488 3660 ipsi
511 3574 705 3659 cappellani
722 3574 902 3638 habebunt
916 3573 1073 3639 redditus
1095 3575 1181 3640 alios
1204 3595 1307 3658 quam
1322 3575 1490 3638 victumae

337 3684 452 3729 mense
481 3665 615 3749 papalis
646 3667 682 3729 et
710 3663 885 3728 vestitum.
931 3663 977 3726 Et
1007 3664 1037 3727 si
1066 3663 1173 3747 aliqui
1200 3663 1371 3747 capellani
1394 3664 1453 3727 ali-

337 3753 460 3836 quibus
490 3753 567 3817 aliis
596 3754 764 3836 indigent,
796 3756 941 3836 possunt
964 3752 1006 3817 ab
1029 3753 1104 3837 ipso
1129 3753 1267 3817 domino
1291 3773 1381 3837 papa
1404 3773 1452 3817 re·

337 3842 471 3925 quirere
496 3845 531 3905 et
554 3863 623 3906 non
645 3841 797 3925 recipere
821 3841 971 3906 aliunde.

337 4068 359 4118 a)
372 4069 403 4106 elo
417 4068 480 4111 Leot.
494 4069 558 4110 cm.
570 4067 638 4116 (bom.
652 4066 724 4118 aliq.);
740 4067 853 4108 hominum
867 4069 886 4110 1.
933 4065 957 4116 b)
969 4067 1001 4106 stc
1015 4069 1034 4110 1.
1047 4068 1122 4116 Lsob.,·
1136 4068 1193 4108 bene
1207 4068 1259 4111 odd.
1272 4068 1338 4110 Gonr.
1379 4071 1399 4116 e)
1414 4067 1455 4107 wit-

337 4121 570 4169 t.l.eaeinsroel.11.
585 4123 605 4160 1.
646 4120 1054 4170 d)al01.1.eoe.,·qu0uadd.conr.
1108 4119 1201 4172 elprae.
1215 4131 1265 4164 ven.
1280 4123 1359 4168 Conr.,·
1373 4120 1492 4168 detentio

337 4185 388 4216 van.
400 4175 464 4217 aaa.
518 4173 537 4224 η
556 4173 587 4212 ele
600 4173 665 4216 conr.
679 4173 756 4222 ἰωὰ,-
777 4177 896 4223 expectant
911 4175 930 4216 1.
983 4176 1007 4224 g)
1027 4175 1058 4213 alc
1072 4176 1091 4214 1.
1106 4175 1205 4223 (Lentu
1224 4175 1248 4214 ln
1263 4185 1282 4218 o.
1296 4179 1376 4217 arr-est.
1390 4175 1455 4216 σοιν,

338 4229 361 4275 b)
374 4229 405 4266 alc
420 4229 483 4270 conr.
497 4227 573 4274 Leot.,·
586 4225 678 4268 lulli-mla
693 4229 712 4270 1.
765 4228 782 4276 l)
795 4229 826 4266 ete
840 4229 860 4270 1.
873 4227 949 4274 Laeta
963 4227 1126 4268 infirmantibus
1141 4229 1204 4271 conr,
1258 4227 1283 4277 k)
1296 4229 1327 4268 alc
1342 4230 1361 4271 1.
1374 4229 1455 4276 arou,-

339 4285 495 4321 sestamentum
510 4281 574 4323 σοιν.
627 4279 1059 4331 1)0u1.1.eoe.‚·pereundum.
1111 4281 1142 4333 m)
1155 4293 1196 4324 om.
1209 4282 1276 4326 conr.
1325 4281 1349 4334 ιι)
1363 4287 1454 4322 teneam

337 4335 402 4376 conr.
456 4335 477 4384 o)
492 4333 598 4383 Gelphinl
613 4333 640 4376 N.
649 4335 714 4376 Gour.
763 4337 786 4383 p)
799 4333 828 4382 cs.
842 4333 878 4376 Ἢ.
892 4331 984 4374 meato*
999 4335 1065 4386 XXI,
1080 4348 1104 4386 p.
1118 4335 1165 4386 489,
1184 4347 1205 4380 n.
1220 4338 1240 4376 1.
