3246 4866
334 363 390 417 420
489 357 682 414 ORONIGAB
702 357 729 414 S.
740 355 856 412 PETRI
867 355 1028 412 BRFORD.
1047 353 1245 411 APPENDIX
1253 352 1305 410 VI.

338 548 481 617 Ferrutii,
513 547 692 617 Simmetrii,
723 546 914 615 Martiniani,
944 545 1068 615 Iuliani,
1103 545 1275 614 Frontiani,
1310 542 1453 618 Longini,

337 637 502 706 Theodori,
533 637 723 705 Memmetis,
748 635 918 705 Adelharii,
941 634 1068 703 Bisucii,
1096 633 1255 710 Simplicii,
1279 631 1453 700 Serviliani,

339 725 496 795 Cricuiah',
520 725 624 796 Elarii,
648 725 789 793 Primati,
814 723 942 792 Gerulfl,
958 723 1098 792 Antonii,
1122 722 1277 791 Eucherii,
1297 721 1453 789 Mercurii,

339 814 480 872 Duorum
503 814 713 883 Ewaldorum,
737 813 882 871 Tiburcii.
930 811 1116 870 Sanctorum
1148 827 1271 887 quoque
1298 809 1454 868 confesso·

339 920 425 960 rum:
460 901 611 972 Silvestri,
636 901 786 978 Gregorii,
809 902 930 971 Hilarii,
958 901 1094 970 Martini,
1118 899 1248 969 Nicolai,
1272 898 1484 974 Augustini,e

256 991 498 1062 ‘r.e.Burcardi,
534 989 625 1061 tulli,
661 986 842 1061 'Desiderii
877 991 1050 1059 Maximini,
1089 989 1261 1058 Benedicti,
1300 987 1453 1055 Medardi,

338 1080 515 1150 Willehadi,
531 1080 646 1156 Vigilii,
671 1079 816 1149 Materni,
840 1079 983 1148 Erhardi,
1000 1077 1222 1148 Adilrammi²,
1239 1063 1453 1152 Wolfgangil,

339 1167 542 1238 Crescentini,
559 1167 731 1239 Chniberti,
744 1167 940 1237 Columbani,
956 1167 1098 1237 Miniani,
1113 1167 1288 1236 Fortunati,
1310 1164 1455 1224 Crescen-

338 1258 427 1328 tiani,
450 1258 652 1326 Maurentini,
672 1257 830 1327 Wicberti,
853 1257 1001 1325 Bavonis,
1025 1255 1157 1325 Otmeri,
1182 1254 1274 1324 Celsi,
1298 1254 1453 1323 Eucherii,

338 1347 455 1405 Brictii.
502 1345 689 1405 Sanctarum
718 1347 876 1421 virginum
906 1349 939 1404 et
968 1345 1148 1403 martirum:
1180 1343 1302 1414 Oecilie,
1334 1343 1492 1418 Margara

339 1439 415 1505 rete,
445 1435 576 1505 Iuliane,
607 1435 753 1505 Barbare,
786 1435 887 1510 Digne
917 1438 950 1492 et
971 1433 1201 1502 Emerentiane,
1231 1432 1318 1502 Atre,
1348 1432 1455 1490 Felici·

339 1524 431 1592 tatis;
456 1524 553 1582 Maria
577 1523 779 1599 Magdalene3
810 1522 933 1593 Serere,
957 1521 1135 1592 scolastice,
1160 1521 1343 1591 Gerdrudis,
1367 1520 1455 1579 (lehi-

338 1611 437 1682 line0,
452 1613 603 1681 Balladie,
619 1612 768 1683 Pusinne,
785 1616 967 1670 sanctarum
978 1611 1133 1669 Undecim
1148 1611 1271 1668 milium
1285 1610 1454 1685 virginum.

340 1702 387 1759 De
417 1702 559 1777 presepio
581 1701 719 1771 Domini,
743 1701 783 1758 de
812 1701 933 1776 capillis
963 1701 1065 1758 sancti
1086 1699 1249 1770 Boniiacii,
1275 1700 1314 1758 de
1344 1699 1455 1757 haculo

212 1853 214 1860 ,
252 1835 319 1888 1147
340 1794 372 1849 et
395 1791 565 1848 dalmatica
587 1791 688 1848 sancti
710 1789 864 1847 Bardonis
887 1790 1033 1865 episcopi.
1466 1799 1494 1838 1⁵
1539 1794 1543 1800 ’

239 1875 329 1948 1.‚.‚10‡
446 1867 589 1936 Altare‘l
616 1875 734 1937 sancte
764 1871 883 1937 Crucis
914 1873 1149 1938 consecratum
1184 1877 1237 1936 est
1267 1892 1288 1934 a
1320 1870 1455 1934 duobus

339 1960 517 2045 episcopis,
542 1961 738 2026 Bichstensi
760 1965 796 2025 et
822 1960 1100 2045 wirziburgensi,
1124 1961 1161 2023 in
1183 1960 1314 2025 honore
1337 1961 1455 2024 sancte

340 2051 450 2114 crucis
473 2053 509 2114 et
532 2053 738 2130 sanctorum,
763 2069 908 2133 quorum
931 2049 1075 2133 reliquie
1099 2049 1321 2114 continentur
1343 2048 1379 2110 in
1404 2068 1454 2113 eo.

339 2145 406 2203 Hee
436 2149 543 2202 autem
573 2144 701 2220 reliquie
730 2145 932 2203 continentur
960 2144 1018 2202 ibi:
1053 2144 1099 2201 De
1121 2144 1206 2220 ligno
1228 2144 1365 2201 Domini.
1408 2142 1455 2202 De

263 2298 266 2304 ,
340 2234 472 2309 spongia
500 2233 636 2290 Domini.
683 2233 730 2290 De
753 2233 951 2291 vestimentis
982 2237 1090 2291 sancte
1113 2232 1220 2290 Maris.
1268 2231 1495 2290 Sanctorumro

339 2322 568 2398 apostolorum:
594 2321 708 2392 Iacobi,
728 2321 862 2397 Philippi
879 2325 911 2380 et
926 2321 1039 2380 Iacobi.
1069 2320 1255 2379 Sanctorum
1271 2321 1453 2378 martirum:

261 2426 330 2475 *aas
339 2411 509 2480 Laurentii,
534 2409 668 2486 Georgii,
694 2404 880 2480 *vincentii
904 2415 1086 2469 sanctorum
1108 2409 1300 2478 Maurorum,
1328 2409 1456 2467 Marcel·

338 2500 404 2569 lini,
428 2499 548 2556 Eobani
571 2499 717 2575 episcopi,
741 2500 893 2568 Decentii,
918 2497 1089 2575 (hisogoni,
1114 2502 1296 2557 sanctorum
1318 2498 1455 2556 Thebeo·

339 2607 420 2657 rum,
443 2587 567 2658 Iustini,
591 2587 750 2645 Laurentii
766 2589 912 2663 episcopi,
933 2588 1143 2656 Pantaleonis,
1159 2588 1302 2663 Benigni,
1320 2585 1455 2645 Christo·

338 2677 408 2747 fori,
430 2677 573 2735 Duorum
596 2677 806 2746 Eweldorum,
832 2677 955 2746 Albani,
986 2676 1179 2752 sigismundi
1209 2677 1291 2751 regie
1321 2680 1354 2734 et
1376 2692 1497 2736 mar-ee

339 2767 417 2836 tiris,
433 2766 592 2824 Hermetis
608 2767 754 2825 martiris.
790 2765 1038 2841 Sanctorumque
1057 2765 1288 2823 consessorum:
1314 2763 1456 2822 Silvestri

339 2872 430 2930 pape,
447 2853 586 2930 Gregorii
601 2872 692 2931 pape,
715 2855 877 2913 Benedicti
892 2855 1026 2924 abbatis,
1051 2854 1209 2922 Florentii,
1230 2853 1356 2922 Florini,
1376 2853 1455 2910 Disi-

339 2944 415 3013 boti,
428 2942 606 3011 Maurentii,
622 2943 791 3012 luventini,
808 2942 975 3014 Disiboti0,
993 2942 1141 3012 Castoris,
1157 2943 1309 3012 Decentii,
1326 2941 1454 3010 Iustini;

340 3032 437 3089 Merie
460 3030 656 3106 Magdalene,
680 3031 811 3101 iuliane,
835 3031 989 3090 Undecim
1012 3032 1136 3089 milium
1158 3031 1325 3106 virginum.

447 3107 589 3179 Alteros
616 3115 727 3178 sancti
750 3114 932 3179 Benedicti
962 3115 1159 3179 dedicatum
1189 3117 1242 3179 est
1264 3115 1302 3178 in
1324 3114 1498 3179 honoreac

340 3203 493 3267 eiusdem
517 3203 625 3287 patris
649 3224 670 3267 a
685 3202 844 3267 Ditmaro
864 3203 1030 3268 Fardensi
1053 3203 1222 3288 episcopo.
1258 3208 1297 3266 In
1319 3224 1381 3285 quo
1396 3207 1455 3266 hee

340 3297 468 3372 reliquie
484 3298 700 3355 continentur:
724 3298 772 3355 De
794 3298 879 3373 ligno
894 3298 1030 3356 Domini.
1066 3297 1173 3356 Sancti
1190 3297 1295 3355 Iacobi
1311 3297 1454 3372 apostoli.

340 3384 527 3444 Sanctorum
549 3387 730 3444 martirum:
761 3385 913 3463 Stephani
942 3404 1031 3463 pape,
1055 3387 1226 3445 Alexandri
1249 3403 1339 3461 pape,
1364 3386 1455 3444 Inno-

340 3476 435 3533 centii
450 3475 587 3533 martiris
602 3475 726 3534 Thebee
749 3476 890 3550 legionis,
915 3474 1048 3550 Georgii,
1071 3474 1265 3544 christofori,
1282 3473 1454 3550 Orisogoni,

341 3563 501 3639 Simplicii,
518 3562 712 3638 Sigismundi
727 3565 819 3639 regis,
838 3565 981 3639 Benigni,
1000 3565 1130 3634 Eobani,
1154 3563 1278 3634 lustini,
1300 3563 1453 3621 Decentii.
1467 3583 1499 3624 ee

260 3667 331 3716 rrae.
341 3651 528 3711 Sanctorum
543 3668 667 3728 quoque
682 3652 913 3711 confessorum:
932 3651 1070 3728 Gregorii
1086 3670 1176 3729 pape,
1194 3651 1335 3710 Silvestri
1348 3646 1454 3728 ‘pape

339 3741 503 3799 Benedicti
518 3741 651 3811 abbatis,
675 3741 834 3810 Florentii,
857 3741 983 3812 Florini,
1006 3742 1151 3811 Disiboti,
1172 3741 1318 3811 Iuventii,
1336 3740 1453 3816 Magni.

340 3831 438 3888 Maris
461 3830 656 3905 Magdalene.
703 3829 890 3888 Sanctarum
919 3832 1092 3906 virginum:
1124 3831 1239 3900 Prisce,
1270 3829 1454 3900 Gerdrudie,

340 3919 495 3977 Undecim
517 3919 639 3977 milium
661 3920 829 3994 virginum.

339 4244 362 4296 e)
375 4245 507 4285 Adlsremml
521 4255 538 4286 c.
608 4244 631 4289 b)
646 4245 763 4294 Wolgangl
778 4256 796 4287 c.
859 4243 880 4297 c)
893 4247 924 4284 ele
937 4257 954 4288 c.
1021 4242 1045 4294 d)
1063 4246 1124 4288 rubr.
1137 4257 1203 4284 manu
1217 4256 1234 4289 a.
1248 4245 1311 4288 XVI.
1326 4245 1501 4295 ademptarlo

339 4297 475 4395 (Slicaeppem.
531 4295 595 4349 e)eic
609 4297 685 4336 iterum
699 4308 717 4341 c.
776 4299 867 4349 orutr.
882 4310 948 4338 manu
961 4309 978 4341 a.
992 4299 1055 4340 XVI.
1070 4299 1194 4348 adscripto:
1216 4297 1252 4340 Ad
1266 4305 1367 4340 unctum
1382 4299 1455 4339 Bene·
