3232 4856
546 371 713 428 ORONIGA
731 373 865 431 MINOR.
1212 380 1265 434 497

149 563 259 621 arctor
282 555 359 621 libri
374 561 578 638 eccerpserat,
601 555 745 621 videlicet
759 564 890 639 praeter
905 578 956 621 eos
978 578 1055 638 qaas
1077 556 1144 623 iam
1165 579 1265 640 sopra

149 644 248 726 diail,
272 644 464 710 Etketardi
487 644 589 710 cortice
609 644 764 725 Guttam,
786 645 943 710 Gratiam
958 645 1101 728 Decreta,
1125 648 1265 729 catatopo

142 732 334 814 pontificum
372 755 441 798 cam
478 732 630 813 excerptis
661 755 699 798 ea
733 733 834 799 Libro
861 733 1076 815 pontificati
1126 737 1197 816 Qua
1230 756 1265 800 re

148 824 313 888 observato
335 843 413 887 sane
428 821 534 886 auitos
556 822 723 902 scraprdas
744 829 850 903 restat,
874 822 953 904 qaia
975 844 1006 887 a.
1026 819 1158 906 1265ta.
1181 824 1266 889 kaac

125 910 323 976 sOroaicoor
346 912 386 977 ab
408 910 477 992 ipso
500 917 625 975 anctore
647 917 850 980 retractatam
874 932 938 976 esse
962 913 1134 976 credamus.

255 999 387 1064 Primae
412 999 606 1064 recensionis
637 995 711 1080 (A),
742 1006 778 1063 at
805 999 872 1064 iam
901 999 981 1080 dici,
1013 1021 1113 1066 anam
1142 1007 1265 1066 tantam

148 1087 283 1153 corticem
306 1087 475 1152 habemns:

255 1173 325 1258 Al)
349 1175 580 1258 Propensis
603 1175 802 1242 bibliothecae
824 1175 1045 1242 universitatis
1068 1178 1134 1242 IV.
1158 1179 1200 1243 H
1211 1184 1262 1259 25,

148 1265 287 1330 chartac.
312 1265 362 1346 8⁰,
394 1287 462 1330 aaa
490 1286 590 1330 mono
620 1286 698 1330 saec.
727 1265 827 1346 XIV,
859 1271 939 1330 certe
968 1266 1006 1330 ia
1028 1265 1207 1332 Botreraic³
1236 1274 1266 1332 et

111 1354 283 1434 rofortosse
311 1352 347 1418 ia
377 1353 520 1419 coenobio
548 1353 779 1418 Clostrabeasi⁴
808 1353 959 1435 scriptas,
991 1353 1080 1420 caius
1109 1377 1139 1420 a.
1168 1360 1262 1420 1386.

146 1442 247 1521 faisse
276 1439 430 1507 uidetur*.
478 1443 542 1506 Sed
563 1463 661 1506 osona
684 1463 763 1508 saec.
783 1443 844 1506 XI
849 1443 959 1506 V-X
965 1443 1002 1508 V.
1033 1443 1071 1508 ia
1087 1443 1264 1525 posteriore

147 1537 318 1613 tepameato
348 1530 498 1612 scriptam
528 1537 591 1596 est:
621 1531 693 1596 Iste
724 1537 776 1596 est
804 1532 893 1596 liber
915 1532 1034 1596 Iacobi
1058 1533 1197 1617 plebani
1220 1535 1263 1598 de

145 1621 320 1705 Mutynae.
361 1619 428 1698 Qui
451 1621 520 1683 fuit
544 1641 629 1684 anus
638 1617 669 1700 (1)
693 1623 729 1685 et
751 1621 837 1686 bene
861 1641 977 1685 canus.
1022 1620 1176 1686 (ironicae
1197 1619 1263 1702 ipsi

143 1707 181 1772 io
195 1707 287 1788 sotiis
296 1707 429 1772 1-39‘.
450 1707 564 1772 titteris
579 1713 608 1772 et
622 1708 763 1772 numeris
778 1708 924 1791 siyaotis,
941 1709 977 1773 ia
992 1708 1087 1774 birras
1102 1710 1264 1774 colamaas

109 1823 135 1864 1s
145 1796 267 1878 divisis,
284 1796 420 1878 scriptae
432 1796 596 1878 praecedit
609 1796 644 1861 in
661 1796 751 1876 foliis
765 1818 874 1862 nocem
889 1797 1031 1862 notaris
1046 1817 1111 1863 ooo
1125 1797 1262 1881 aquata

143 1885 241 1950 iodea
264 1885 478 1966 anthabeticn's
500 1886 544 1949 ad
564 1884 668 1966 ipsam
691 1892 842 1967 apertam,
865 1892 901 1950 ut

144 1994 302 2076 Auguria
321 1996 357 2056 et
373 1991 550 2075 sortilegia
566 1995 602 2056 et
617 2013 735 2078 mayce
751 1996 843 2057 artes
858 1992 1033 2077 prohibite
1049 1997 1130 2056 sunt
1145 1992 1260 2076 q.111,

144 2097 249 2162 littera
280 2104 309 2162 et
337 2118 467 2162 necmero
498 2097 566 2163 olio
596 2120 696 2164 mnan
725 2097 855 2164 additis.
906 2099 992 2179 Qroae
1022 2099 1124 2163 attero
1146 2119 1262 2163 manas

144 2207 250 2250 omues
272 2186 340 2265 fere
363 2207 510 2252 numeros
532 2208 692 2252 annuam
707 2186 843 2251 Domini
867 2194 896 2251 et
917 2187 1029 2252 mattos
1051 2186 1133 2252 aiios
1156 2207 1259 2252 aame-

108 2295 198 2339 roros
219 2275 256 2340 irc
279 2275 394 2357 spatiis
411 2275 523 2357 prima
545 2297 644 2341 marra
675 2275 784 2341 *raucis
805 2275 926 2340 retictis
948 2275 1096 2357 scripsit⁶
1119 2282 1148 2340 ot
1169 2295 1260 2357 qaae·

250 2481 277 2550 *)
299 2484 370 2534 Nam
389 2487 418 2535 in
433 2485 527 2568 priore
538 2484 660 2536 columna
677 2486 833 2550 poster-tores
851 2487 993 2550 tegumenti
1009 2487 1138 2552 sareptam
1157 2491 1193 2537 est
1211 2485 1259 2536 troc

301 2569 408 2606 carmen
426 2570 571 2605 otacrum:

231 2635 357 2691 Domini
380 2636 412 2691 in
436 2651 519 2692 anno
565 2635 680 2692 mileno
704 2640 735 2691 et
758 2639 939 2692 trecenteno
1268 2648 1345 2702 1386,

231 2722 290 2779 Sex
314 2727 346 2779 et
369 2721 541 2797 octaginti⁸
590 2725 622 2779 in
646 2723 728 2780 testo
751 2725 887 2798 corporis
912 2723 1004 2782 Oristi
1266 2751 1315 2794 Iun
1326 2753 1359 2794 n.

229 2812 323 2868 Mane
346 2829 384 2867 ex
408 2812 489 2868 Misa
534 2813 690 2868 tumultus
714 2813 809 2868 velud
832 2813 865 2868 in
889 2831 989 2887 reysa.

229 2899 408 2974 Equestres,
433 2899 604 2974 pedestres,
651 2918 759 2957 errrrus
783 2918 855 2958 enm
879 2904 974 2960 armis
998 2903 1159 2974 ducentes,

229 2987 426 3062 Septingenti
448 3006 580 3046 numero
626 2990 763 3046 virorum
786 3007 858 3047 eum
883 2991 1028 3049 duodeno

229 3077 392 3134 Venerunt
415 3076 609 3135 Oladznnam
655 3078 696 3135 ad
719 3096 800 3136 nove
822 3081 914 3137 valve
937 3082 1071 3139 ruinam.

229 3163 315 3236 Quos
338 3167 530 3240 fugaverunt
574 3169 740 3224 monastici
763 3173 795 3225 et
817 3170 1026 3244 plagaverunt

227 3254 265 3310 In
289 3255 375 3312 brevi
397 3255 478 3313 bello
524 3255 629 3313 ablato
652 3257 712 3313 illis
736 3246 884 3316 verillo¹'.

228 3339 355 3417 ‘Oladyz
379 3344 473 3418 ruby'
498 3345 653 3414 dixerunt,
700 3345 776 3402 dum
800 3363 897 3416 arma,
922 3347 1063 3421 plaustra
1085 3346 1236 3404 tulerunt.

227 3431 277 3489 Sic
299 3432 381 3490 festo
405 3432 521 3490 Christi
567 3432 729 3491 Oladznna
752 3436 876 3510 Mysam
900 3436 1013 3504 vicisti,

225 3520 356 3578 Adiuti⁸
382 3522 435 3596 pia
479 3539 552 3579 cum
575 3524 660 3598 prole
683 3529 784 3580 matre
807 3525 916 3592 Maria,

224 3609 284 3666 Pro
308 3613 384 3667 tune
407 3611 521 3668 abbate
567 3611 713 3669 domin0⁰
739 3613 901 3669 Raczkone
926 3612 1071 3687 dictoque
1096 3610 1219 3670 Czalde.

101 3738 202 3790 iham
216 3753 233 3784 c,
286 3738 310 3790 b)
324 3745 367 3780 ete.
382 3741 426 3780 atto
441 3745 520 3784 atram.
536 3741 587 3786 add.
640 3745 661 3791 c)
676 3741 721 3782 dno
735 3755 761 3793 a,
777 3743 958 3792 morardum
973 3747 1010 3782 est.

136 3918 162 3983 1)
180 3918 214 3972 P.
225 3920 286 3972 489.
306 3923 328 3969 et
344 3935 372 3985 p.
385 3920 447 3974 491.
531 3919 560 3984 2)
581 3920 642 3970 Noa
660 3925 716 3970 tam
733 3920 803 3970 inter
821 3918 908 3981 fartos
926 3919 1066 3972 hostanos
1083 3935 1163 3986 qaam
1180 3922 1251 3972 inter

135 3988 217 4040 libros
243 4005 261 4040 a
286 3991 415 4056 scriptore
439 3991 566 4042 aeneadae
590 3991 749 4042 raocraioais
773 3989 897 4041 haimos
921 3991 1038 4042 Maeuii
1061 3998 1123 4043 arnt
1148 3991 1252 4043 Isidori

134 4059 367 4125 Etymoloyiaram
393 4061 459 4112 libr-t
483 4067 506 4112 et
526 4061 608 4112 Glasa
626 4060 739 4114 Bittius.
812 4061 839 4125 3)
856 4061 929 4112 Nom
954 4063 984 4112 tn
1005 4064 1153 4127 posteriore
1178 4068 1250 4127 tepu-

134 4135 218 4182 meato
237 4131 298 4182 Ave
317 4128 406 4182 Maria
428 4131 521 4196 linaria
538 4131 640 4184 Latina
665 4138 689 4183 et
712 4131 866 4183 Tsetreohica
884 4147 967 4183 marra
992 4147 1057 4186 socc.
1077 4132 1126 4184 XI
1129 4133 1248 4188 V—XV.

99 4203 263 4267 rosoriptam
280 4207 334 4252 eat:
351 4199 446 4254 Panno
466 4201 531 4254 mila
544 4201 634 4254 Maria
652 4201 708 4255 bud
721 4200 865 4253 milostiwa
884 4209 927 4255 etc.
982 4203 1010 4270 4)
1030 4204 1157 4255 Kiadrau
1166 4220 1250 4272 prope

134 4271 223 4326 Micca.
279 4275 306 4338 5)
321 4273 423 4337 Nescio,
437 4275 565 4338 qwmado
578 4275 640 4325 haec
652 4275 716 4325 aaa
724 4273 868 4326 Botremica
881 4287 951 4324 nano
963 4277 1122 4341 nominetur,
1134 4275 1250 4339 fortasse

134 4343 233 4395 Motten
243 4350 289 4394 aut
300 4343 480 4410 Muttasctrlap
489 4345 655 4408 (Tschectrtce
668 4341 837 4410 Mutinsves)
849 4345 927 4407 (sz.
937 4345 1087 4412 aaran).
1136 4345 1164 4414 6)
1176 4347 1249 4412 Quoad

1003 4454 1038 4507 32
