3266 4852
338 370 391 426 522
736 367 904 426 ORONIGA
920 368 1055 428 MINOR.

332 550 503 632 popularis
521 551 692 633 populares
714 552 918 618 narrationes
940 553 978 618 de
993 552 1143 634 Hattone,
1168 553 1205 617 de
1223 551 1393 634 Wiiiipiso,
1418 551 1455 616 de

340 639 552 705 corirantibus
575 639 689 722 retulit,
713 641 834 707 doctior
854 642 959 722 frater
977 641 1188 706 Praedicator
1205 641 1309 706 anites
1326 640 1455 720 sabulos

344 727 505 808 Gotifredi
534 730 572 794 de
606 727 714 795 Ottone
745 731 819 809 III,
850 729 1007 796 Heinrico
1034 730 1110 812 III,
1141 729 1226 796 otios
1251 728 1454 811 propopaoit.

341 817 419 882 Iure
448 816 607 883 dubitabis
636 817 729 884 obteri
758 819 871 884 borum
894 820 1039 901 patrnam
1071 819 1157 900 dore,
1185 819 1241 884 sed
1261 852 1306 863 -
1327 823 1363 882 ut
1392 816 1455 900 opi·

339 925 401 1058 gor
424 940 465 950 -
484 906 630 990 proferes
658 907 794 987 fratrem
823 907 987 973 Minorem
1015 906 1187 989 simplicem
1216 905 1331 972 collido
1357 905 1478 976 Praei

360 993 484 1060 icntori.

448 1085 492 1149 Iu
526 1083 664 1152 Oronica
692 1085 826 1150 Minore
853 1085 982 1168 primae
1009 1084 1203 1151 recensionis
1236 1091 1272 1149 ut
1304 1083 1340 1150 in
1375 1083 1455 1149 libro

341 1172 486 1238 Martini
509 1173 637 1256 primm
664 1172 813 1240 editionis
842 1195 949 1239 rernm
974 1173 1110 1256 scriptor
1132 1172 1333 1256 paucissima
1360 1170 1456 1238 ntitin

340 1261 497 1344 inveniet,
517 1264 573 1328 sed
600 1262 637 1328 in
659 1261 771 1346 priore
792 1262 882 1328 itlius
902 1269 998 1346 porte
1027 1263 1143 1328 multoe
1164 1262 1294 1342 fabulae
1316 1260 1456 1327 ecclesia

340 1351 437 1416 eticae
466 1351 620 1434 tepnntnr,
651 1349 731 1416 abibi
758 1357 815 1416 aut
843 1351 938 1418 aliter
966 1358 1023 1416 ant
1051 1371 1116 1416 non
1138 1355 1303 1416 narratae.
1349 1349 1456 1414 Mrdto
1467 1377 1493 1416 ιο

340 1439 474 1505 maioris
496 1439 643 1506 momenti
664 1445 739 1506 sunt
761 1439 1021 1523 continuationes,
1052 1460 1133 1522 quas
1155 1439 1260 1519 frater
1281 1439 1398 1504 Minor
1419 1437 1457 1504 in

339 1530 486 1610 secanda,
509 1529 613 1610 tertia,
636 1535 752 1611 anama
774 1528 963 1595 editionibus
985 1527 1119 1594 addidit.
1167 1529 1212 1592 In
1232 1534 1349 1609 quarta
1370 1533 1457 1593 nota-

340 1617 420 1684 bitia
443 1619 479 1683 de
498 1638 570 1683 nece
590 1617 770 1684 Uonrodini
791 1619 947 1700 iepuntur,
970 1639 1051 1700 quae
1066 1617 1211 1683 Karotus
1226 1617 1372 1698 Hompel
1387 1616 1458 1682 iure

340 1726 416 1771 cera
450 1705 593 1790 credidit,
628 1727 697 1772 cnm
728 1707 849 1787 fratres
877 1706 1041 1789 Minores,
1075 1713 1111 1771 ut
1143 1727 1243 1788 snpra
1280 1704 1367 1788 dini,
1397 1725 1459 1787 per

340 1794 460 1873 fratres
489 1817 505 1861 e
534 1794 717 1879 lonpinqms
746 1795 840 1861 terris
869 1795 1070 1861 advenientes
1102 1795 1150 1860 uei
1183 1793 1353 1860 scribentes
1381 1815 1495 1859 oman

340 1903 521 1967 copnoscere
553 1891 690 1966 possent.
749 1883 1007 1950 Continuationes
1039 1886 1079 1950 ab
1113 1883 1191 1949 otiis
1227 1882 1356 1948 additae
1393 1903 1459 1948 non

340 1971 469 2038 inutiles
494 1980 577 2054 sunt,
607 1974 663 2038 sed
690 1973 786 2038 multo
808 1972 943 2038 minoris
958 1972 1060 2056 pretii
1084 1992 1180 2055 quarn
1206 1971 1459 2038 continuationes

346 2059 501 2127 Obronici
523 2061 677 2127 Martini.

452 2151 538 2232 Quae
560 2150 597 2215 in
618 2151 687 2216 solu
703 2149 816 2233 prima
831 2149 1010 2216 recensione
1031 2150 1177 2233 tepuutnr
1192 2150 1243 2216 bis
1260 2149 1353 2216 uncis
1371 2157 1446 2222 <-)

340 2258 421 2319 anuo
449 2238 486 2304 in
513 2240 651 2305 secundo
681 2239 794 2306 addita
822 2239 969 2306 suntbis
992 2244 1080 2322 [-],
1104 2239 1244 2321 quaein
1272 2238 1380 2304 01.2
1404 2240 1496 2304 ad-ro

340 2326 421 2392 iecto
455 2333 530 2394 suut
561 2328 613 2393 bis
643 2333 719 2404 (-)
751 2328 879 2410 sipnata
914 2327 1021 2394 mania
1054 2328 1092 2394 in
1126 2334 1242 2393 tentum
1275 2327 1386 2410 recepi,
1422 2327 1459 2393 in

340 2422 457 2498 qniarta
490 2416 670 2484 recensione
700 2414 749 2497 (0
762 2418 798 2501 2)
832 2418 880 2484 ud
913 2417 951 2483 in
984 2417 1136 2484 classibus
1169 2416 1309 2483 codicum
1341 2417 1389 2482 oet
1422 2416 1459 2481 in

341 2504 477 2588 sinputis
504 2505 661 2573 codicibus
690 2505 803 2572 addita
831 2505 993 2572 asteriscis
1020 2506 1150 2589 uenata
1178 2505 1276 2572 tecue·
1298 2504 1457 2587 supposui.

453 2593 531 2660 Uim
560 2595 762 2678 archetypum
790 2595 984 2661 recensionis
1005 2593 1040 2660 Β
1068 2615 1108 2661 en
1133 2594 1202 2660 eins
1224 2593 1381 2660 codicibus
1403 2593 1459 2675 qui

341 2690 510 2764 supersunt
522 2683 709 2766 restitutum,
727 2691 763 2748 nt
776 2683 984 2766 exposuimus,
1000 2683 1108 2748 multis
1121 2683 1245 2750 mendis
1260 2690 1288 2748 et
1302 2681 1405 2748 verbis
1420 2703 1460 2748 en
1469 2707 1496 2747 es

341 2771 475 2838 arbitrio
496 2773 619 2838 scribae
639 2773 769 2838 mutatis
792 2779 971 2855 corruptum
992 2772 1043 2854 sit,
1065 2779 1155 2854 putet
1175 2773 1288 2854 ubique
1309 2772 1378 2852 fere
1400 2792 1459 2838 nos

341 2882 448 2926 ueram
464 2862 577 2926 babere
592 2862 762 2943 tectionem,
779 2861 833 2926 ubi
844 2863 913 2927 Al.
923 2857 976 2945 (2).
994 2861 1086 2927 01.2
1106 2867 1217 2927 contra
1231 2861 1274 2925 Β.
1284 2861 1318 2926 D
1333 2881 1458 2926 consen·

342 2949 432 3016 tiunt.
464 2950 529 3018 Ubi
540 2951 574 3015 A
584 2945 675 3036 1.(2).
690 2951 740 3017 01
755 2957 866 3016 contro
880 2950 923 3014 Β.
937 2949 1001 3016 02.
1013 2951 1048 3016 D
1063 2957 1120 3014 aut
1132 2950 1166 3014 A
1176 2946 1266 3034 1.(2).
1282 2949 1334 3015 02
1348 2956 1459 3015 contra

341 3038 384 3103 Β.
400 3039 460 3105 01.
473 3039 508 3104 D
523 3039 729 3120 consentiunt,
739 3041 925 3123 pierumque
940 3037 1064 3121 quidem
1079 3037 1169 3105 lectio
1181 3038 1399 3120 praeferenda
1413 3045 1460 3103 est

341 3128 417 3192 tibri
433 3129 493 3193 Al
511 3127 560 3193 net
574 3127 725 3194 librorum
740 3130 772 3193 A
784 3134 840 3192 1.2
857 3149 927 3194 cum
942 3148 1006 3192 rino
1021 3127 1132 3193 classis
1153 3126 1181 3192 0
1197 3126 1455 3206 convenientium,
1467 3151 1495 3191 eo

341 3223 480 3282 attamen
495 3216 628 3282 liberam
643 3218 738 3282 bobes
758 3217 912 3299 optionem
921 3218 943 3280 ².
981 3215 1047 3283 Ubi
1061 3211 1194 3300 Α1.(2).
1206 3213 1250 3280 Β.
1264 3212 1330 3300 (Β)
1348 3222 1459 3281 contra

346 3306 446 3372 01.2
471 3305 676 3388 consentiunt,
704 3305 741 3371 in
764 3305 816 3370 bis
841 3305 936 3372 babes
959 3305 1117 3371 tectionem
1141 3304 1252 3370 tertiae
1273 3310 1304 3370 et
1324 3309 1458 3386 quartae

341 3393 542 3477 recensionis,
566 3414 661 3477 qnam
683 3393 721 3460 in
743 3401 858 3460 tectum
879 3415 946 3460 non
967 3393 1078 3476 recepi.
1125 3393 1190 3461 Ubi
1212 3394 1245 3458 A
1260 3399 1321 3457 1.2
1347 3399 1457 3459 contra

340 3485 383 3550 B.
413 3484 483 3550 01.
501 3490 533 3549 2.
555 3483 591 3549 D
619 3489 714 3564 stant,
745 3489 802 3548 aut
830 3483 925 3548 trabes
953 3484 1100 3548 mendum
1133 3481 1296 3565 archetypi
1328 3481 1457 3546 iliarum

341 3574 494 3640 librorum
517 3579 574 3638 ant
595 3572 755 3638 tectionem
776 3571 969 3638 recensionis
990 3577 1034 3654 A,
1064 3592 1160 3653 quam
1187 3571 1224 3636 in
1253 3576 1370 3636 tectum
1392 3590 1493 3635 nonas

341 3662 468 3727 admisi.
508 3661 573 3729 Ubi
591 3664 624 3728 A
639 3668 667 3726 l.
680 3659 724 3746 (2)
747 3683 817 3728 cnm
838 3683 907 3728 una
928 3662 975 3726 oet
993 3662 1116 3726 duabus
1131 3659 1283 3726 dassibrcs
1297 3657 1332 3724 Β
1347 3665 1457 3724 contra

341 3751 477 3833 reliquos
506 3750 604 3816 libros
631 3749 666 3816 Β
696 3757 725 3816 et
758 3751 874 3817 01.2
904 3749 1101 3832 conveniunt,
1132 3770 1213 3832 auae
1246 3747 1334 3814 tectio
1362 3768 1456 3831 prae·

340 3840 475 3920 ferenda
503 3839 553 3923 sit,
584 3840 625 3906 ab
654 3840 771 3906 editore
799 3839 1008 3906 iudicandum
1037 3845 1092 3904 est.
1142 3837 1271 3904 Omnem
1305 3835 1457 3904 adnotavi

342 4070 368 4136 1)
387 4067 486 4122 ‘Gesctn
506 4067 666 4120 Kouradr'ns
683 4083 706 4122 o.
725 4065 938 4132 Hobcnstaufen'
959 4084 989 4134 p.
1008 4067 1061 4123 318
1072 4081 1111 4134 sq.
1194 4067 1222 4134 2)
1243 4065 1369 4118 For-tatto
1386 4065 1457 4118 enim

340 4139 441 4192 scribae
459 4140 574 4192 codicum
593 4139 654 4194 Al.
674 4137 720 4192 01
740 4144 787 4189 ant
805 4139 831 4190 A
845 4141 868 4194 1.
889 4137 937 4193 02
956 4139 1025 4190 idem
1042 4153 1148 4206 peccare
1161 4143 1309 4206 potnerunt
1327 4142 1350 4188 et
1364 4145 1493 4203 penca-to

340 4217 440 4266 count.
485 4211 560 4262 Velut
577 4209 625 4261 ubr'
641 4211 667 4262 A
682 4211 704 4264 1.
725 4209 773 4264 01
792 4207 937 4276 pulchrum
956 4209 1051 4261 trabant
1067 4215 1163 4260 contra
1179 4206 1375 4276 perpulchrum
1392 4207 1457 4259 rett-

340 4297 452 4348 quornm
470 4281 597 4348 codicum,
616 4280 728 4333 mnsebts
752 4297 770 4332 a
787 4280 883 4332 scribes
906 4279 1019 4332 illorum
1044 4279 1176 4332 librorum
1193 4293 1212 4348 p
1236 4295 1285 4346 per
1302 4277 1457 4346 impruden-

340 4355 407 4404 tia-nr
424 4355 551 4405 omissum
568 4367 628 4406 esso.
