3248 4856
441 321 632 379 oaomosu
651 322 814 380 MINORIS
832 323 1096 381 CONTINUATIO
1115 325 1139 383 1.
1300 330 1353 384 683

237 510 320 574 riter
348 509 418 573 init
439 510 641 573 transmissa
664 509 814 574 Parisius
845 510 1018 594 magistris
1041 509 1439 576 etfratribusMi·1270.

236 599 376 663 roribus
399 599 475 682 ipsa
497 599 583 663 visio
605 597 780 676 terribilis,
805 619 871 683 que
893 598 975 662 talis
999 603 1067 663 est:
1092 599 1214 664 Frater
1229 599 1352 664 Iohan-

235 708 294 752 nes
319 689 361 752 de
384 688 501 752 Prisco
531 691 568 753 et
594 687 704 752 irater
727 687 929 753 Waltherus
953 687 996 753 de
1019 687 1111 752 Hoio
1138 688 1267 752 ordinis
1291 689 1352 753 Mi·

234 797 357 841 norum
387 777 429 841 de
460 776 617 841 custodia
639 776 807 853 Picardia,
832 777 892 842 sed
922 777 965 842 de
989 781 1162 842 conventu
1184 776 1351 842 Valenain

212 867 271 929 ain
293 865 451 930 custodia
474 864 721 942 Cameracensi,
746 865 933 930 existentes
956 867 992 929 in
1021 869 1133 931 castro
1155 868 1249 951 quod
1272 867 1351 931 dici·

235 959 293 1019 tur
315 954 471 1039 Hapers⁸
498 956 583 1019 hora
612 955 710 1039 quasi
733 955 929 1039 vespertina
958 955 1121 1020 viderunt
1149 955 1259 1020 oculis
1283 977 1352 1020 cor-

236 1044 411 1128 poralibus
441 1043 547 1108 solem
576 1044 778 1109 rutilantem
813 1044 941 1128 absque
973 1044 1123 1109 nubibus
1158 1045 1351 1109 claritatem

235 1153 331 1197 suam
361 1133 398 1196 in
427 1133 583 1198 lunarem
614 1132 823 1217 palledinem
851 1133 966 1197 subito
990 1136 1217 1212 commutare;
1249 1154 1352 1217 quam

235 1221 444 1307 palledinem
472 1225 545 1285 tam
575 1222 766 1286 mirandam
790 1243 893 1306 quam
923 1224 1128 1287 horrendam
1160 1223 1242 1286 dum
1267 1223 1352 1286 dicti

200 1313 360 1376 ¹⁰fratres
382 1331 453 1374 una
476 1332 554 1375 cum
578 1309 635 1375 eL
660 1310 855 1376 bominibus
879 1312 1059 1396 utriusque
1090 1331 1200 1388 sexus,
1224 1311 1285 1395 qui
1307 1311 1351 1376 ad

234 1405 306 1464 tam
329 1399 508 1464 insolitum
531 1400 765 1482 spectaculum
791 1407 1031 1478 convenerant,
1057 1421 1134 1465 oum
1163 1400 1275 1464 multa
1297 1401 1351 1465 de-

236 1489 406 1554 solacione
437 1491 473 1553 et
502 1491 631 1554 terrore
661 1490 884 1573 respicerent:
921 1510 999 1554 ecce
1028 1490 1124 1554 iacta
1153 1493 1206 1554 est
1235 1489 1350 1554 subito

234 1579 327 1642 intra
355 1576 476 1641 solaris
506 1577 656 1661 corporis
687 1579 922 1643 extremitates
952 1578 1069 1642 scissio
1099 1579 1256 1663 quedam,
1284 1599 1351 1662 que

234 1668 271 1731 in
293 1666 365 1731 sole
388 1667 424 1730 in
439 1667 579 1730 modum
596 1685 693 1750 spere
709 1666 924 1733 circulariter
946 1667 1134 1751 girabatur‚
1159 1670 1195 1733 et
1218 1687 1351 1752 parum·

201 1778 225 1818 ιι
235 1776 296 1840 per
318 1758 397 1840 post
426 1753 478 1819 sol
509 1758 562 1820 est
592 1756 636 1819 ad
664 1755 905 1840 integritatem
928 1757 1110 1840 pristinam
1132 1756 1350 1832 reformatus,

235 1843 401 1929 pallorem
423 1847 541 1908 tamen
559 1844 712 1909 retinens
735 1845 826 1909 sicut
840 1845 947 1929 prius.
979 1843 1133 1929 Cumque
1149 1846 1240 1910 circa
1255 1866 1350 1928 quar·

235 1937 307 1998 tam
341 1935 475 2017 partem
509 1933 593 1998 bore
628 1932 670 1999 de
705 1935 821 2018 spacio
854 1935 1019 2019 temporis
1053 1927 1268 2012 transissetl,
1300 1934 1349 1998 sol

235 2023 327 2088 visus
350 2025 403 2087 est
426 2022 537 2086 scindi
558 2025 652 2088 recte
675 2043 737 2106 per
759 2023 911 2088 medium
934 2045 976 2088 ex
999 2027 1194 2090 transverso
1217 2025 1254 2087 in
1277 2043 1351 2108 par-

235 2115 287 2176 tes
319 2131 380 2196 per
409 2111 525 2175 omnia
555 2111 750 2195 coequales;
783 2116 819 2177 et
849 2112 932 2176 dnm
962 2113 1026 2178 bec
1049 2113 1135 2178 visio
1160 2116 1350 2198 appareret,

199 2201 326 2265 revisus
349 2203 402 2265 est
425 2204 577 2264 armatus
592 2201 645 2265 vir
666 2200 704 2265 in
727 2221 815 2285 equo
838 2206 971 2266 armato
994 2202 1038 2266 ab
1063 2203 1197 2268 oriente
1212 2204 1352 2267 veniens

235 2293 271 2355 et
300 2310 361 2374 per
389 2289 541 2354 medium
568 2290 650 2354 solis
680 2291 841 2373 gradiens
870 2290 1014 2374 paulato
1046 2291 1182 2356 incessu
1212 2291 1353 2355 divertit

238 2379 281 2443 ad
311 2378 535 2443 occidentem.
583 2377 738 2462 Cumque
765 2386 845 2463 post
875 2380 1048 2444 modicum
1079 2381 1144 2444 iste
1173 2380 1353 2462 disparuis-

237 2471 299 2545 set,
322 2468 415 2533 visus
438 2470 491 2532 est
521 2470 556 2532 et
580 2467 669 2532 alter
691 2468 831 2532 veniens
862 2469 904 2533 ab
936 2469 1117 2533 occidente
1146 2471 1181 2532 et
1214 2468 1354 2532 divertit

236 2558 280 2621 ad
312 2557 489 2634 orientem,
519 2556 591 2620 vir⁰
620 2559 771 2621 armatus
805 2557 843 2619 in
877 2577 964 2640 equo
998 2560 1131 2621 armato
1161 2556 1218 2621 via
1249 2557 1355 2641 priori

201 2647 375 2710 aomnino
399 2646 573 2710 contraria
596 2666 656 2730 per
679 2645 832 2710 medinm
855 2646 936 2709 solis
960 2646 1010 2710 ire
1032 2647 1125 2710 visus
1149 2651 1215 2722 est;
1241 2648 1277 2709 et
1300 2666 1354 2729 pa·

236 2755 312 2798 rum
337 2736 424 2819 post,
450 2755 528 2798 cum
551 2734 608 2799 hic
632 2734 791 2798 similiter
814 2735 1019 2811 evanuisset,
1044 2735 1113 2799 duo
1129 2735 1209 2818 equi
1232 2735 1356 2799 armati

238 2825 365 2908 absque
395 2823 582 2888 sessoribus
612 2823 649 2887 in
679 2823 750 2888 sole
781 2823 847 2888 sibi
877 2826 1096 2889 occurrentes
1122 2825 1354 2900 transierunt;

237 2913 297 2996 qui
327 2933 404 2977 cnm
436 2913 671 2989 evanuissent,
708 2911 869 2997 apparuit
907 2907 1032 2978 homo(1
1066 2934 1189 2997 magne
1224 2916 1355 2978 stature

238 3001 282 3066 ad
312 3001 452 3066 modum
482 3001 628 3066 latronis
657 3001 695 3064 in
725 3001 806 3066 solis
830 3002 944 3067 medio
968 3023 1163 3086 suspensus,
1188 3003 1247 3086 qni
1271 3002 1356 3065 adeo

203 3091 385 3156 indiscrete
407 3091 517 3155 videri
545 3093 692 3174 poterat,
717 3091 808 3173 quod
831 3091 926 3155 funis
954 3091 1094 3175 cingens
1125 3090 1253 3155 collum
1284 3093 1357 3156 eius

239 3183 274 3244 et
298 3199 451 3245 annexus
474 3179 640 3264 superiori
664 3179 776 3264 stipiti
799 3184 835 3245 et
851 3200 972 3244 manus
996 3184 1075 3264 post
1090 3184 1227 3262 tergum
1251 3178 1357 3262 ligate

239 3269 323 3332 satis
345 3268 547 3333 notabiliter
569 3268 728 3333 omnibns
757 3269 981 3353 apparebant.
1029 3268 1184 3353 (lamque
1214 3269 1281 3332 iste
1304 3288 1358 3350 ap·

239 3377 358 3441 parere
389 3360 547 3434 cessaret,
578 3358 630 3422 sol
659 3358 862 3442 integritate
889 3357 993 3422 solita
1022 3361 1224 3442 recuperata
1255 3356 1359 3441 pallo-

239 3467 311 3512 rem
341 3446 378 3510 in
408 3446 567 3511 ruborem
600 3446 644 3510 ad
680 3447 818 3511 modum
854 3447 984 3512 cruoris
1018 3448 1107 3513 bene
1140 3447 1240 3512 rubei
1274 3467 1359 3510 com·

204 3571 230 3611 ,ὁ
239 3536 397 3614 mutavit,
429 3538 465 3600 et
493 3538 572 3620 post
604 3535 784 3620 paululum
815 3556 878 3620 pro
908 3537 1033 3601 rubore
1061 3537 1257 3620 sanguineo
1289 3555 1360 3618 per-

241 3624 349 3690 sicum
373 3624 520 3689 colorem
545 3625 727 3709 sumpsit0,
752 3629 787 3690 et
810 3629 984 3709 postremo
999 3625 1100 3690 illum
1117 3625 1265 3690 colorem
1289 3643 1360 3708 per·

240 3715 350 3779 sicum
377 3734 439 3798 pro
469 3713 583 3778 colore
613 3734 733 3778 croceo
757 3714 998 3792 commutavit;
1029 3718 1064 3780 et
1087 3716 1179 3779 hunc
1203 3733 1361 3778 croceum

241 3802 389 3867 colorem
414 3823 492 3867 cnm
516 3823 635 3887 parum
658 3803 838 3881 tenuisset,
858 3805 951 3868 visus
975 3807 1027 3869 est
1050 3803 1102 3868 sol
1125 3802 1294 3888 paulatim
1317 3801 1361 3866 acl

242 3891 436 3958 claritatem
459 3892 633 3976 propriam
657 3892 827 3956 devenire.

207 4136 264 4188 loa)
283 4137 390 4184 ιιιίιῙνιι
406 4135 493 4186 ΗΒΘ,
515 4135 529 4178 l.
542 4135 568 4186 ⁸3
590 4121 671 4186 hiperi
685 4146 702 4178 c.
782 4135 805 4182 b)
826 4145 877 4174 occa
893 4135 944 4178 odd.
957 4135 981 4178 P.
1055 4135 1076 4186 c)
1097 4135 1153 4174 altu·
1167 4144 1274 4185 asportor.
1287 4133 1360 4172 cadom

242 4201 309 4229 ιιιιιιιιι
322 4201 347 4239 c,
361 4191 418 4229 deut
431 4189 456 4238 P,
472 4189 509 4228 ubl
522 4189 558 4229 vir
571 4211 598 4219 -
611 4194 697 4230 armato
707 4192 759 4238 port
773 4189 901 4232 contraria..
965 4185 989 4240 d)
1002 4189 1033 4228 alc
1046 4189 1079 4236 P,·
1093 4200 1134 4229 om.
1148 4199 1165 4230 o.
1229 4189 1250 4236 a)
1267 4187 1363 4236 sumpsit

243 4263 269 4273 -
283 4244 392 4294 persicum
407 4254 449 4286 cm.
462 4253 487 4292 a,
503 4243 562 4283 oculo
575 4245 660 4283 mitae
674 4255 688 4282 ιι
697 4244 775 4292 priore
788 4243 884 4282 colorem
901 4242 930 4280 od
944 4242 1036 4290 inferius
1050 4241 1171 4291 cimmo,
1185 4242 1284 4290 suppleta
1297 4251 1325 4280 ιι
1338 4241 1362 4282 Ρ.
