3248 4856
396 361 588 419 ciconiola
605 363 768 420 Minonis
787 362 1050 422 corniculum
1067 365 1092 423 1.
1251 370 1304 424 677

189 550 278 699 ffint.
379 547 596 613 Terremotns
622 544 809 633 [magnus2]
834 550 871 613 in
895 548 1036 614 Padual
1058 550 1153 615 etin
1168 549 1304 614 Vienna
1312 557 1399 673 23⁶⁸}
1399 630 1411 676 )

227 635 266 699 st·
1345 637 1377 670 00.
1412 658 1418 670 .

293 725 467 791 Iohannes
499 726 650 791 marchio
677 727 720 792 de
744 726 971 811 Brandeburg
999 727 1038 791 in
1062 730 1426 794 commentorem.

187 835 266 879 cum
288 814 410 879 lancea
432 819 518 900 aput
540 815 722 900 Mersbnrg
745 819 797 881 est
820 817 983 881 occisus&
1091 815 1221 880 Eodem
1246 815 1301 882 die

155 904 371 969 aredeuntes
400 905 443 968 de
472 904 547 989 ipso
581 908 823 970 torneamento
847 904 1078 970 Theodericus
1108 905 1151 969 de
1181 904 1302 970 Kirch·

187 993 272 1077 berg
293 993 469 1078 prefectus
490 993 528 1056 in
544 993 625 1058 Sala
648 997 733 1078 aput
747 993 971 1078 anenbnrg
986 1014 1064 1059 cum
1079 993 1190 1058 tribus
1206 995 1302 1058 armi·

186 1083 277 1166 geris
300 1081 542 1148 miserabiliter
565 1085 617 1147 est
640 1084 845 1148 submersus.

292 1170 543 1236 Marchionissa
571 1172 687 1256 Agnes
721 1173 764 1237 de
793 1164 926 1236 Misnab
960 1170 1048 1236 vidit
1079 1171 1117 1235 in
1150 1170 1301 1256 sompnis

186 1259 349 1343 angelum
378 1259 446 1325 Dei
474 1261 656 1345 propinare
686 1261 752 1325 sibi
780 1261 817 1324 in
849 1261 959 1345 cypho
988 1280 1102 1325 aureo.
1147 1260 1194 1324 Iit
1223 1281 1301 1325 cum

150 1349 339 1422 ebibisset,
370 1349 446 1433 ipsa
475 1349 578 1413 dixit:
615 1349 715 1428 ‘Hen,
747 1371 850 1432 quam
878 1370 1020 1415 ,amarus
1053 1349 1182 1435 potus'l
1237 1349 1302 1414 Oui

185 1437 364 1523 respondit
387 1437 547 1522 angelus:
580 1439 718 1503 ‘Amara
740 1440 807 1503 erit
830 1439 929 1523 pecie
952 1442 1023 1515 tua,
1048 1439 1109 1503 sed
1131 1438 1300 1502 Dominus

184 1531 222 1591 te
249 1547 319 1591 non
348 1527 585 1612 derelinquet’.
631 1527 677 1591 nt
706 1527 743 1590 in
773 1527 869 1593 brevi
897 1530 1052 1611 tempore
1081 1527 1156 1612 ipsa
1182 1530 1416 1611 posteapam).

186 1615 353 1692 defuncta
383 1619 445 1680 est.
553 1616 665 1682 Mults
694 1637 798 1681 nares
829 1617 867 1680 in
896 1617 983 1680 mari
1011 1616 1189 1700 perierunt
1223 1637 1302 1681 cum

186 1704 362 1781 allecibus,
388 1709 424 1770 et
454 1705 490 1768 in
520 1709 665 1790 captura
689 1701 880 1788 [allecum⁸]
905 1709 982 1770 orta
1003 1705 1175 1770 sedicione
1198 1704 1301 1768 multi

150 1820 176 1860 rs
186 1793 337 1859 Saxones
361 1794 464 1859 occisi
487 1797 579 1858 sunt.

293 1881 452 1948 Clemens
489 1903 579 1968 papa
616 1884 701 1948 iecit
736 1883 906 1967 predicari
940 1903 1076 1948 crucem
1112 1883 1150 1947 in
1183 1881 1301 1946 Ytalia

186 1975 307 2036 contra
329 1970 526 2036 Conradum
549 1993 665 2055 regem
688 1976 724 2037 et
747 1975 868 2038 contre
889 1972 1034 2037 Romam
1056 1975 1092 2036 et
1115 1971 1200 2036 alias
1223 1971 1300 2036 ciri·

185 2064 276 2125 tates
300 2060 504 2126 Lombardie
535 2064 571 2126 et
593 2061 715 2127 Tuscia
738 2062 943 2126 adherentes
966 2061 1066 2126 sibi⁰.
1113 2061 1204 2125 Item
1227 2061 1300 2145 ipse

185 2170 276 2234 papa
297 2150 556 2214 sentencialiter
582 2152 729 2215 cassavit
751 2151 1048 2215 confirmacionem
1071 2153 1107 2215 et
1130 2169 1429 2221 consecra-(nara).

148 2239 328 2315 accionem,
353 2259 456 2322 quam
478 2239 610 2304 fecerat
626 2235 860 2304 Wernherus‘l
875 2239 1102 2324 Magantinus
1125 2239 1161 2302 in
1177 2238 1301 2302 Barch-

183 2327 282 2392 toldo
305 2327 348 2391 de
364 2327 618 2411 Hennenberg⁶
636 2329 680 2392 ad
696 2329 931 2413 episcopatum
947 2320 1266 2411 Herbipolensemf·
1277 2325 1298 2388 ὅ.

291 2415 382 2481 Item
405 2417 545 2500 qnidam
568 2417 702 2481 nobiles
726 2417 947 2502 congregati⁸
974 2437 1050 2480 cum
1075 2415 1299 2480 multitudine
1308 2437 1363 2484 (oa.
1372 2439 1415 2487 n).

185 2507 395 2569 armatorum
418 2505 572 2570 volentes
602 2509 771 2570 nocturno
801 2509 955 2589 tempore
979 2524 1100 2589 capere
1123 2504 1299 2568 civitatem

186 2585 397 2672 Coloniamh,
422 2595 483 2659 sed
506 2616 526 2658 a
549 2595 680 2660 civibus
703 2595 769 2678 ipsi
786 2594 879 2677 capti
902 2595 938 2658 et
960 2593 1101 2677 plurimi
1123 2592 1299 2656 interfecti

147 2687 274 2758 nsunt,
299 2682 391 2748 inter
405 2703 490 2767 quos
507 2704 619 2748 comes
643 2684 685 2748 de
697 2682 967 2766 Valckenbergi,
992 2701 1174 2766 germanus
1193 2681 1299 2745 archi·

184 2771 335 2856 episcopi
359 2770 581 2850 Coloniensis,
610 2772 739 2837 ibidem
763 2771 878 2836 subito
901 2771 1032 2836 occisus
1055 2775 1117 2836 est.

290 2860 382 2925 Item
398 2860 576 2926 Corradus
591 2881 651 2926 rex
666 2861 769 2926 Terre
785 2860 920 2937 Sancte,
944 2860 1004 2943 qui
1020 2859 1092 2923 fuit
1107 2860 1215 2924 eciam
1231 2859 1300 2922 dux

184 2949 324 3026 Suevie,
338 2943 476 3034 captns¹
494 2950 532 3013 in
541 2950 680 3034 Apulia,
693 2951 830 3034 quando
841 2969 986 3034 regnum
996 2948 1112 3013 Sicilie
1123 2952 1299 3032 tamquam
1308 2971 1434 3022 (saissa.

184 3038 432 3122 patrimonium
450 3059 550 3103 suum
569 3042 703 3103 armata
716 3060 822 3103 manu
837 3041 1018 3123 repeteret,
1036 3059 1113 3102 curn
1126 3037 1299 3102 I'riderico

147 3128 271 3192 soduce
288 3126 391 3192 Stiria
414 3131 451 3193 et
474 3149 552 3192 cum
571 3128 696 3192 comite
712 3127 859 3192 Pisano⁵
882 3130 918 3192 et
941 3147 1019 3191 cum
1042 3126 1199 3210 pluribus
1221 3126 1298 3190 aliis

182 3217 358 3280 inmatura
379 3219 490 3281 morte
514 3238 534 3280 a
556 3237 637 3302 rege
660 3217 790 3281 Karolo
815 3215 949 3281 Gallico
973 3216 1144 3300 capitibus
1168 3218 1298 3281 senten·

184 3304 320 3370 cialIter
341 3306 440 3388 quasi
463 3306 614 3371 latrones
636 3306 791 3370 truncati
814 3309 904 3369 sunt.
952 3297 1074 3368 Prius*
1091 3307 1208 3369 tamen
1232 3304 1298 3367 cui·

85 3394 264 3464 ascadam
286 3393 389 3458 fratri
414 3395 457 3459 de
480 3394 600 3459 ordine
624 3394 797 3458 Minor-um
822 3393 964 3478 *pluries
988 3393 1240 3458 confessisunt
1264 3396 1299 3456 et

182 3601 206 3652 a)
218 3603 250 3640 aio
263 3602 287 3645 P.
303 3601 350 3652 sta·
363 3602 420 3642 dam
433 3613 450 3644 c.
510 3603 534 3652 b)
547 3603 632 3644 mlsana
646 3613 663 3644 e.
704 3605 724 3651 c)
738 3603 768 3641 ric
782 3603 863 3654 3(an
876 3600 948 3654 adh.);
963 3602 1063 3642 eluitur·-
1077 3613 1094 3644 c.
1147 3601 1170 3648 d)
1183 3600 1299 3640 wambani

146 3659 260 3706 amager
274 3666 291 3698 a.
345 3658 367 3704 a)
381 3656 497 3706 hannbm
510 3667 528 3699 c.
581 3658 599 3705 1)
613 3656 716 3705 herbipol
728 3667 744 3698 c.
798 3655 821 3705 g)
834 3657 865 3695 alc
878 3667 895 3699 c.
909 3655 937 3699 Η.
953 3656 984 3695 Tb
993 3669 1001 3704 ,·
1015 3659 1066 3695 sunt
1080 3655 1132 3694 add.
1147 3654 1171 3696 P.
1232 3653 1256 3701 h)
1269 3654 1300 3692 eie

182 3709 261 3812 {pff
274 3707 429 3750 delaniensem
443 3710 468 3752 P.
481 3709 511 3752 Π.
583 3711 600 3758 1)
613 3711 644 3749 cic
657 3720 674 3752 e.
691 3709 736 3758 ra,-
750 3713 785 3749 cet
799 3710 850 3752 add.
863 3710 888 3752 P.
955 3708 979 3759 k)
992 3711 1023 3748 stc
1036 3709 1060 3752 Ρ,
1075 3709 1096 3751 S.
1112 3707 1143 3746 ra
1156 3707 1213 3756 (cllo
1227 3707 1299 3755 loco),-

184 3921 209 3990 1)
234 3922 278 3986 Cf.
297 3921 370 3977 Ana.
395 3923 423 3976 S.
443 3923 563 3977 Iustam
580 3923 683 3990 Patra,
708 3923 756 3977 SS.
775 3923 855 3988 XIX,
877 3939 906 3990 p.
927 3925 986 3979 191.
1080 3923 1108 3992 2)
1136 3922 1178 3986 Cf.
1198 3920 1297 3974 Obron.

178 3995 267 4059 princ.
286 3993 362 4060 Sue,
382 3995 431 4049 SS.
443 3994 537 4062 XXV,
552 4011 581 4061 p.
595 3997 656 4050 480.
675 3994 768 4060 XXX,
784 3997 877 4063 p.34;
896 3995 976 4058 infra
996 3993 1068 4047 cont.
1087 3993 1116 4045 V.
1190 3993 1217 4058 3)
1235 3993 1299 4043 Vide

144 4065 285 4118 saliuam
299 4079 389 4133 papae
407 4065 487 4118 datas
504 4082 529 4121 a.
544 4067 621 4121 1268.
642 4066 713 4118 Mais·
729 4067 773 4131 24,
792 4067 861 4134 ldpp.
879 4065 924 4120 sel.
937 4065 992 4132 HI,
1006 4083 1035 4133 p.
1050 4067 1100 4120 721
1114 4079 1162 4130 ⁸io
1179 4079 1223 4117 nr.
1237 4065 1297 4118 689.

182 4136 209 4202 4)
232 4135 425 4198 Theodericum·
451 4137 486 4201 cf.
511 4142 615 4189 ronam
640 4136 795 4202 dispoliati
810 4136 849 4195 ΙΙ,
878 4136 1077 4204 arabicpiwopi,
1104 4136 1206 4199 fratris
1232 4136 1296 4200 cius,

182 4206 273 4259 Mam
298 4223 325 4260 a.
346 4209 423 4262 1271.
451 4210 520 4276 Apr.
541 4211 582 4274 lc,
614 4208 775 4273 Lucomblct,
800 4207 994 4263 ‘Nicderrtsia
1017 4207 1080 4261 ΠΒ]
1112 4205 1155 4273 ΙΙ,
1180 4223 1210 4274 p.
1236 4207 1298 4271 357,

182 4279 396 4414 ppgd'lhffl.
409 4277 564 4346 Ampe,
579 4280 627 4334 SS.
636 4279 669 4330 X
670 4279 716 4344 VI,
730 4297 759 4347 p.
770 4281 838 4348 736;
856 4279 962 4344 Moerico,
975 4279 1023 4337 SS,
1033 4276 1144 4344 XXIII,
1161 4293 1187 4344 p.
1198 4277 1297 4344 tbsssq.

252 4364 282 4401 cr
370 4389 376 4404 .
