3216 4854
257 353 451 409 esemona
463 352 492 410 S.
502 353 620 409 PETRI
631 351 791 409 ERFORD.
810 351 916 411 cond.
928 353 984 411 111.
1002 355 1038 411 A.
1048 359 1126 412 1353.
1138 359 1215 413 1364.
1252 359 1305 413 383

186 559 253 622 que
292 537 452 621 Gangolfi
491 547 566 602 ante
608 543 734 601 valvam
772 544 874 601 sancti
911 543 1083 618 Augustini
1120 545 1302 620 Erphordie.
1313 527 1402 646 {3221
1420 597 1447 636 Π

187 633 305 691 Eodem
332 649 417 690 auno
447 633 577 708 opidum
599 631 785 707 Dorneburg
814 633 936 691 occulto
958 633 1017 690 Dei
1043 633 1157 691 iudicio
1187 651 1304 710 magna
1335 628 1340 641 '
1404 625 1410 637 '
1446 628 1453 640 '

187 739 225 780 ex
247 725 336 798 parte
365 723 458 797 igue
487 722 733 780 conbustum
757 713 850 794 [θεῖ’]
874 737 938 778 uuo
967 723 1033 780 ictu
1056 721 1208 792 fulminis,
1233 739 1305 781 nec

187 828 263 869 non
287 811 439 868 civitas
463 811 600 868 Ylmena
622 815 696 868 ante
719 827 842 880 nemus,
866 809 1056 885 Sluzungen‚
1080 811 1303 881 Nova-civitas,

155 913 170 954 s
188 898 391 969 odmundo,
414 917 486 958 noc
505 916 583 957 non
598 899 699 957 multa
714 899 859 957 incendia
875 900 1090 958 commissa
1108 908 1205 958 sunt
1223 895 1304 979 igne

186 982 348 1048 violento.

293 1071 422 1136 Eodem
459 1091 549 1135 anno
584 1071 672 1136 obiit
701 1071 860 1135 dominus
890 1071 1075 1136 Heinricus
1110 1073 1153 1136 de
1180 1071 1427 1146 Temesaea).

186 1160 275 1245 burg
298 1161 478 1244 episcopus
501 1160 785 1244 Mogontinensis,
810 1180 911 1244 quem
936 1161 1094 1224 dominus
1118 1181 1209 1244 papa
1232 1159 1304 1226 Cle

186 1270 282 1314 mens
311 1252 428 1315 sextus
458 1253 539 1314 ante
569 1251 718 1332 quatuor
748 1249 877 1313 annos1
907 1249 1114 1333 deposuerat
1144 1250 1304 1333 omnique

149 1340 316 1403 rohonore
331 1338 526 1422 privaverat
548 1359 612 1403 nec
628 1359 697 1402 non
713 1339 1077 1414 excommunicaverat,
1103 1331 1300 1402 dominnmb

187 1425 391 1492 Gerlacum⁰
426 1427 469 1492 de
499 1427 644 1492 Naaowe
678 1428 876 1511 episcopum
906 1427 1148 1511 Mogontiuum
1184 1428 1305 1492 consti-

185 1520 311 1581 tuerat.
358 1516 438 1600 Ipse
463 1519 584 1580 contra
606 1515 696 1580 velle
718 1517 872 1580 omnium
895 1516 1018 1580 frivole
1041 1536 1245 1600 permanens
1267 1516 1304 1580 in

187 1604 388 1689 episcopatu
411 1605 515 1689 opida
537 1609 573 1669 et
589 1603 733 1669 castella
756 1625 857 1688 quam
882 1599 1003 1689 plura‘l
1023 1606 1240 1689 episcopatus
1259 1605 1304 1668 ad

185 1697 343 1778 tempora
366 1713 426 1759 sue
449 1694 519 1758 vite
543 1693 608 1758 sibi
631 1694 785 1758 retinuit.
832 1693 985 1758 Tandem
1009 1694 1168 1758 dominus
1188 1693 1303 1759 Gerla-

149 1787 266 1848 1scus⁰
295 1782 338 1848 de
361 1783 516 1860 Nazowe,
548 1783 604 1847 cui
633 1781 724 1847 cives
751 1782 1008 1867 Erphordenses
1038 1777 1163 1848 antea‘
1189 1783 1303 1846 homa-

186 1872 281 1956 gium
304 1871 470 1948 fecerant,
494 1872 681 1936 honorifice
705 1875 758 1936 est
781 1873 1012 1935 confirmatus.

295 1959 443 2026 'Eodem
474 1981 565 2025 anuo
597 1961 754 2025 dominus
777 1959 999 2026 Hermanuus
1026 1961 1069 2024 de
1092 1959 1404 2045 Eychilbornmssr.

186 2049 223 2113 iu
252 2049 372 2115 Monte
403 2049 522 2114 Sancti
552 2049 647 2114 Petri
673 2049 865 2134 Erphordie
896 2049 1074 2114 abbaciam
1103 2049 1301 2133 resignavit,

186 2139 268 2221 quia
290 2137 365 2203 Deo
388 2139 612 2222 permittente
636 2157 736 2204 cecus
757 2138 873 2203 factus
896 2139 1028 2217 fuerat3
1059 2138 1117 2202 cui
1139 2139 1304 2203 successit

147 2227 346 2291 rodominus
369 2227 601 2293 Theodericus
624 2227 667 2292 de
691 2228 875 2311 Bruheym.

292 2321 411 2380 Eodem
441 2339 524 2380 anuo
558 2323 592 2379 in
621 2322 672 2380 die
701 2323 917 2398 concepcionis
946 2322 1076 2397 virginis
1105 2302 1453 2402 gloriosefflffl'

186 2427 247 2486 que
276 2415 353 2469 tunc
382 2411 445 2468 fuit
474 2411 631 2469 dominica
660 2410 789 2484 Populus
812 2408 900 2484 Syos,
929 2414 1111 2469 consecrata
1141 2415 1191 2468 est
1219 2427 1302 2468 nova

187 2493 298 2578 cripta
320 2495 391 2559 sive
414 2500 543 2558 basilica
565 2501 624 2558 sub
648 2501 742 2558 choro
765 2501 946 2558 eiusdem
969 2501 1099 2574 virginis
1129 2517 1185 2574 per
1207 2499 1303 2556 domi-

186 2605 263 2646 num
281 2589 447 2646 Aibertum
471 2589 510 2647 de
532 2589 746 2664 Bichelingen‚
770 2590 952 2664 episcopum
975 2588 1302 2663 eeclesieruseusis.

146 2691 177 2732 as
292 2674 394 2736 Anno
425 2671 566 2737 Domini
592 2671 838 2737 MOOOLIIII.
868 2673 907 2735 iu
933 2675 1056 2736 octava
1083 2671 1303 2755 indulgencie
1313 2659 1399 2770 ἕψῃ

185 2762 324 2826 nostre²
349 2757 395 2844 [in
417 2755 656 2846 Erphordiass],
682 2762 764 2825 dum
787 2761 913 2826 nobilis
944 2781 984 2825 ac
1007 2753 1189 2825 sonorosah
1218 2781 1303 2824 cam·
1330 2741 1368 2780 ⁹⁹
1401 2759 1407 2772 '

186 2869 276 2934 pana
299 2851 456 2915 Andreas
479 2851 627 2928 nomine,
653 2870 719 2934 que
742 2853 882 2914 centum
912 2850 1011 2914 annis
1042 2852 1077 2914 et
1104 2851 1183 2914 octo
1207 2850 1303 2913 dura·

185 2931 346 3016 verat¹·³,
371 2941 417 3003 ad
432 2939 706 3024 predicacionem
722 2939 927 3023 pulsaretur,
952 2939 1130 3002 confracta
1151 2941 1212 3016 est,
1238 2959 1303 3021 que

185 3031 306 3112 postea
327 3028 365 3092 iu
386 3028 506 3111 vigilia
529 3028 640 3092 sancti
664 3027 819 3092 Udalrici
848 3028 912 3092 sub
935 3028 1146 3092 Theoderico
1178 3028 1384 3093 abbatebus.

145 3118 229 3180 sodo
245 3117 420 3202 Bruheym
443 3137 505 3201 per
519 3117 723 3201 magistrum
739 3116 987 3182 Theodericum
1009 3117 1141 3181 dictum
1158 3110 1301 3180 Inonizk

186 3209 238 3270 est
260 3206 408 3270 refusa&

292 3295 423 3360 Eodem
439 3315 529 3359 anuo
553 3295 649 3359 iacta
672 3298 725 3360 cst
748 3315 873 3379 magna
896 3294 1068 3358 discordia
1090 3295 1182 3358 iuter
1200 3295 1304 3358 dorni·

185 3403 268 3446 num
295 3383 479 3448 Albertum
511 3384 709 3468 episcopum
739 3383 1026 3467 Herbipolensem
1056 3383 1214 3465 civesque
1243 3383 1304 3447 ibi·

187 3472 275 3536 dem.
321 3472 412 3536 Nam
436 3472 616 3556 episcopus
647 3475 723 3536 cum'
755 3472 927 3537 adiutorio
951 3471 1193 3536 canonicorum
1217 3477 1304 3537 cete·

145 3579 370 3645 sororumque
405 3562 593 3626 amicorum
627 3581 766 3626 suorum
805 3563 982 3626 civitatem
1016 3560 1303 3644 Herbipolensem

186 3650 298 3714 tribus
328 3651 529 3734 septimanis
560 3650 705 3728 obsedit,
734 3651 852 3715 vineas
882 3651 1001 3726 secuit,
1031 3648 1163 3713 civibus
1192 3649 1406 3721 multamus).

186 3738 278 3803 mala
300 3739 432 3803 intulit.
479 3738 578 3804 Cives
601 3759 681 3804 vero
712 3743 853 3804 econtra
882 3758 1000 3804 omnes
1031 3739 1142 3802 curias
1169 3740 1303 3802 canoni·

186 3893 210 3945 a)
222 3905 265 3934 om.
280 3896 299 3938 1.
353 3895 377 3947 b)
390 3899 414 3935 st
427 3895 486 3935 dom.
505 3895 528 3935 V.
583 3896 604 3942 o)
618 3896 649 3934 sio
666 3894 694 3942 7,·
708 3895 819 3946 perlatum
833 3896 853 3938 1.
906 3893 930 3944 d)
943 3894 1039 3944 plurim
1055 3895 1079 3937 V.
1133 3893 1155 3944 e)
1168 3893 1199 3933 oio
1212 3894 1241 3942 V,·
1254 3905 1303 3944 ger-

186 3947 245 3987 larus
260 3951 280 3990 1.
340 3948 360 3997 1)
379 3954 434 3988 aute
451 3949 474 3991 V.
534 3949 556 3998 ς)
576 3948 601 3988 tu
614 3948 642 3992 E.
656 3949 730 3988 mam
744 3959 818 3996 mm,
838 3949 876 3988 aad
890 3949 935 3987 olio
949 3952 1030 3991 mam.
1043 3959 1149 3998 emm.
1164 3950 1183 3991 1.
1237 3947 1261 4000 h)
1274 3947 1305 3987 sie

145 3995 206 4042 401.
221 4001 249 4044 N.
302 3999 319 4054 t)
332 4001 385 4041 dum
398 4003 477 4041 aarum
491 4002 542 4045 add.
557 4004 577 4052 1,
591 4013 632 4045 om.
646 4002 668 4045 t.
681 4001 696 4045 l.
710 4001 738 4045 N.
798 4001 822 4052 k)
836 3999 865 4043 de
878 4001 963 4053 lhouys
977 4000 1006 4044 N.

189 4124 215 4192 1)
231 4125 324 4178 Potius
342 4132 403 4179 anta
426 4127 490 4194 plus
507 4131 603 4194 septem
621 4141 715 4192 annos,
740 4143 766 4182 c.
780 4128 857 4181 1346.
876 4127 945 4194 Apr.
959 4127 983 4181 7.
1003 4126 1125 4181 malaurae.
1196 4126 1225 4192 2)
1247 4125 1303 4180 La.

187 4197 359 4250 dedicationis
376 4198 502 4252 acclesiae.
537 4198 580 4263 Cf.
599 4213 685 4264 supra
704 4215 734 4266 p.
745 4200 806 4253 291.
819 4200 880 4254 295.
971 4198 998 4266 3)
1019 4198 1061 4262 Os.
1080 4213 1166 4265 suprc
1185 4211 1210 4253 a.
1227 4199 1304 4262 1246,

182 4283 212 4334 p.
231 4269 293 4324 240.
364 4267 393 4334 4)
409 4268 613 4337 Inscrr'ptionem
631 4271 688 4322 aius
705 4269 803 4321 aditam
821 4285 839 4321 a
857 4269 891 4323 R.
905 4269 1028 4321 Bdclrner
1047 4269 1105 4322 os'dc
1122 4270 1153 4321 s'n
1170 4267 1304 4328 ‘Medeai

181 4337 212 4393 d.
226 4339 256 4393 V.
275 4339 299 4403 f.
317 4339 361 4391 dic
379 4341 470 4399 Geseh.
489 4357 516 4395 a.
535 4339 591 4393 Ale.
609 4356 633 4392 o.
651 4339 766 4406 Erfurt'
778 4339 831 4407 XI,
853 4357 883 4408 ρ.
904 4341 963 4396 154.
