3222 4850
263 375 317 428 212
354 369 521 426 GRONIOA
533 370 563 426 S.
572 369 689 426 PETRI
701 371 963 428 EREORDENSIS
975 371 1064 428 MOD.
1084 371 1120 428 A.
1133 375 1317 429 1212-1214,

102 607 129 651 ,fi
138 536 254 647 0,,ὲῖξᾷ
264 561 353 629 actis,
377 561 463 618 fama
486 560 700 618 crebrescente
730 562 769 618 de
792 562 932 620 adventu
955 561 1155 618 Friderici
1178 563 1259 636 regis
1282 561 1382 618 iunio-

264 650 316 717 ris,
340 653 453 717 castra,
477 650 620 707 civitates
644 654 676 707 et
698 651 813 725 oppida
835 651 1041 719 illustrantur,
1065 649 1193 725 populia
1219 650 1261 708 ad
1290 650 1380 708 illum

263 737 476 795 favorabiliter
498 739 732 808 coadunantur3
763 743 795 796 et
824 743 934 796 contra
956 737 1148 797 Ottonem
1171 739 1288 797 clamor
1312 756 1381 796 exo-

264 827 352 896 ritur,
376 830 552 884 asserentes
576 844 709 902 regem
732 827 1001 895 Fridericum,
1025 829 1078 903 qui
1096 827 1247 886 electione
1269 828 1381 903 princi-

263 933 340 990 pum
361 909 431 973 iam
455 909 586 974 dudum
603 910 740 975 vivente
764 910 877 975 adhuc
901 913 999 994 patre
1022 911 1217 974 declaratus
1240 911 1348 976 fuerit
1358 910 1379 986 ¹,
1399 933 1415 972 s

263 1005 350 1062 iure
372 1004 604 1078 prevalere,
628 1006 792 1079 presertim
815 1022 888 1062 cum
910 1005 956 1063 ita
978 1022 1081 1081 papa
1104 1006 1300 1080 disponente,
1324 1006 1380 1062 ei·

264 1092 350 1150 dem
373 1093 406 1149 in
421 1096 583 1167 posterum
598 1093 852 1168 imperialem
867 1094 1118 1152 benedictionem
1133 1095 1379 1169 promiserit.

369 1176 558 1238 ΜΟΟΧΗΙ.2
591 1181 657 1238 Rex
679 1182 805 1239 Boemie
829 1186 868 1240 et
889 1183 1150 1257 lantgravius
1173 1200 1246 1240 cum
1270 1184 1381 1241 ceteris

264 1271 351 1344 regni
369 1269 538 1326 baronibus
561 1270 602 1327 ad
617 1271 770 1328 indictam
792 1271 851 1328 sibi
874 1288 894 1328 a
916 1271 1123 1329 Friderico
1147 1289 1238 1347 rege
1261 1273 1381 1330 curiam

154 1359 297 1424 (namin
326 1359 560 1417 Frankenevort
594 1359 675 1417 circa
709 1360 908 1434 epiphaniam
943 1361 1162 1435 accinguntur,
1194 1361 1248 1418 ubi
1277 1362 1419 1418 lant-ro

264 1448 429 1522 gravius
468 1451 663 1522 gratanter
700 1452 843 1522 receptus
879 1452 936 1506 est.
983 1448 1059 1506 Post
1092 1449 1151 1506 hec
1185 1454 1292 1507 autem
1326 1467 1381 1506 rex

264 1535 394 1593 Francie
418 1535 531 1593 taciem
554 1537 635 1610 regis
658 1552 731 1593 cum
754 1537 971 1595 benedictione
994 1538 1105 1612 viginti
1132 1525 1274 1596 miliumb
1301 1555 1381 1595 mar·

264 1641 372 1682 carum
402 1625 523 1698 argenti
553 1625 747 1698 preveniens,
771 1624 865 1682 ledus
895 1626 937 1682 ad
965 1627 1099 1684 invicem
1123 1628 1319 1701 pepigerunt,
1343 1631 1381 1684 ut

265 1712 398 1788 quivis
421 1713 511 1770 alteri
532 1713 566 1769 in
589 1715 843 1771 necessitate
866 1718 1034 1772 astaret.
1081 1715 1261 1790 Requisitns
1284 1716 1381 1790 igitur

264 1819 319 1859 rer
341 1801 553 1858 Romanorum
583 1818 602 1858 a
625 1799 762 1876 Spirensi
792 1803 946 1878 episcopo,
971 1803 1084 1878 quibus
1113 1805 1148 1861 in
1169 1804 1244 1861 locis
1268 1805 1418 1862 eademrs

264 1889 396 1964 pecunia
433 1890 560 1948 recondi
594 1890 735 1960 deberet,
771 1893 953 1966 respondet
984 1891 1169 1966 pecuniam⁰
1209 1893 1295 1950 illam
1330 1893 1379 1950 vel

264 1978 437 2053 quamlibet
466 1979 560 2034 aliam
590 1979 719 2037 minime
748 1979 815 2038 iore
844 1981 1085 2050 recondendam,
1110 1980 1166 2038 sed
1194 1983 1282 2056 regni
1309 1998 1381 2038 eam

264 2067 455 2141 principibus
486 2083 554 2124 esse
582 2068 782 2142 erogandam.
828 2069 947 2126 Audita
975 2070 1082 2144 itaque
1115 2069 1264 2128 munifica
1298 2071 1381 2144 regis

157 2155 451 2222 *r.1so1.liberalitate
474 2156 615 2213 omnium
640 2149 771 2214 *clamor
801 2157 842 2214 in
864 2157 1018 2215 favorem
1041 2159 1172 2232 ipsius
1195 2159 1379 2226 attollitur;

266 2243 362 2301 duces
385 2231 503 2300 etiam(l
522 2243 561 2302 de
585 2243 738 2319 Geringen
762 2249 795 2302 et
816 2247 945 2304 Austria
967 2247 1000 2302 in
1022 2247 1155 2322 ipsius
1179 2248 1419 2306 subiectio-so

266 2349 340 2389 nem
362 2333 436 2390 ituri
458 2334 651 2391 concorditer
666 2334 873 2409 accinguntur
895 2339 927 2392 et
942 2339 1051 2393 contra
1074 2339 1190 2394 sortem
1214 2334 1380 2394 Ottonis

179 2421 468 2481 1213.vehemsnter
490 2420 705 2481 animantur⁰.
819 2417 986 2500 Magnum
1008 2419 1206 2483 incendium
1230 2419 1299 2482 fuit
1322 2418 1381 2482 ltr-

173 2533 229 2581 aar.
240 2504 411 2588 1‚phordie
434 2504 513 2568 Kal.
538 2504 721 2590 Septemb,
746 2525 824 2570 cum
847 2510 937 2572 essct
959 2527 1027 2570 nox
1051 2503 1253 2574 dominica*.

180 2605 256 2658 1212.
374 2592 579 2657 *MCGXIIIL
614 2600 680 2657 Rex
701 2601 803 2657 iunior
819 2601 974 2675 condigno
992 2601 1099 2659 favore
1122 2603 1285 2670 attollitur,
1310 2603 1487 2671 sedasse.

267 2691 402 2744 tamen
424 2689 510 2746 varie
533 2693 565 2747 et
587 2688 712 2746 dissone
735 2693 909 2746 nascuntur
932 2690 1103 2764 opiniones.
1139 2691 1201 2748 Alii
1217 2678 1417 2767 quidomfns

267 2793 340 2834 eum
363 2792 427 2833 non
449 2793 529 2844 esse,
553 2792 647 2852 quem
669 2778 837 2852 imperator
852 2777 1017 2836 Heinricus
1040 2783 1203 2855 genuerat,
1227 2780 1284 2838 sed
1302 2781 1381 2838 Mer·

267 2865 392 2922 botonis
415 2865 580 2922 cniusdam
602 2865 673 2922 aule
696 2867 864 2940 apostolice
888 2866 1028 2925 officialis
1051 2869 1161 2938 filium,
1189 2872 1284 2944 atque
1307 2885 1381 2926 sum

268 2952 397 3010 minime
419 2952 571 3026 futurum,
587 2970 701 3028 regem.
747 2954 832 3011 Dum
859 2955 917 3013 hec
940 2955 1046 3014 fatalis
1069 2956 1264 3015 diversorum
1287 2957 1381 3016 labio·

181 3014 339 3134 lffijmm
367 3041 484 3116 lingva
512 3043 688 3116 perstrepit,
712 3060 783 3100 ecce
812 3060 866 3100 rex
894 3043 999 3102 idem
1021 3046 1123 3103 iunior
1146 3063 1218 3103 cum
1241 3047 1382 3104 multitu·

269 3129 341 3186 dine
365 3129 452 3203 gravi
475 3128 658 3200 Suevorum,
682 3130 885 3200 Bavarorum,
908 3132 1097 3190 Boemorum
1128 3135 1227 3209 partis
1249 3135 1420 3192 adversere

267 3218 477 3292 triumphator
499 3217 599 3287 adest,
624 3219 821 3277 nobilitatem
843 3221 965 3294 generis
981 3237 1105 3280 morum
1126 3223 1293 3282 honestate
1316 3240 1382 3298 pre

268 3311 458 3364 monstrans.
493 3306 626 3366 Proinde
649 3307 682 3364 in
706 3308 883 3366 Merseburo
906 3309 992 3368 curia
1014 3311 1201 3369 celebranda
1223 3312 1382 3380 indicitur,

268 3395 337 3453 sed
360 3412 433 3453 cum
455 3396 563 3470 paucis
585 3413 642 3471 pro
664 3398 813 3472 temporis
837 3399 967 3456 articulo
991 3404 1204 3459 consumatur.
1243 3400 1290 3458 Ex
1304 3405 1383 3460 tunc

267 3484 376 3541 Boemi
398 3485 430 3541 in
455 3483 622 3542 Saxoniam
644 3485 776 3560 proiecti
806 3487 887 3544 mole
910 3488 1079 3562 predarum
1101 3505 1212 3564 graves
1235 3490 1383 3564 repatria-

379 3667 406 3736 *)
425 3669 460 3732 Ε,
478 3671 582 3722 ambare
599 3670 721 3722 amaseae
738 3669 785 3722 leot
802 3685 875 3722 anno
896 3671 1118 3738 prandentibus,
1138 3672 1214 3726 lata
1231 3673 1294 3729 hooc
1311 3680 1422 3740 (poetae

426 3739 593 3808 expugnavit
613 3756 699 3808 supra
718 3756 748 3808 p.
761 3743 822 3806 210,
848 3741 926 3804 lat)
948 3745 1004 3794 itas
1029 3740 1160 3810 Sequenti
1185 3759 1255 3796 anno
1278 3764 1382 3802 mquam

426 3817 551 3860 incendium
565 3819 608 3859 fult
621 3819 737 3871 exsortia
757 3827 826 3880 pons
845 3815 1026 3865 mercatorum
1046 3813 1213 3866 consumitur
1221 3814 1239 3868 ³.

267 3965 500 4037 smplllperscspe.
553 3985 577 4036 b)
590 3988 621 4026 ric
633 3989 666 4036 Bt·
686 3987 775 4028 milibus
789 3991 808 4032 l.
862 3987 883 4039 c)
897 3989 929 4028 blo
942 4000 983 4032 scr.
997 3991 1017 4032 1.
1077 3987 1101 4036 d)
1114 3991 1145 4030 sio
1158 3991 1191 4039 R,-
1212 3995 1235 4031 et
1249 3994 1268 4034 1.
1322 3991 1383 4042 elkl

266 4041 328 4091 septb
342 4042 387 4080 lom
400 4041 446 4086 lul,
460 4041 518 4090 odd„
532 4041 569 4079 aad
583 4045 689 4090 maneto
702 4043 722 4082 1.
777 4041 838 4092 flcio
852 4043 863 4081 1
878 4047 897 4082 st
911 4043 942 4090 Β,-
956 4047 1024 4082 orme
1036 4044 1111 4093 supple
1125 4045 1248 4093 oplnantur.

269 4201 294 4266 1)
314 4200 446 4253 Cottonis
463 4199 548 4251 verhsb
565 4201 651 4264 sontis
668 4203 719 4264 eut
739 4217 805 4268 quas
824 4201 901 4254 Oron.
914 4201 1109 4258 Reintardebr.
1124 4219 1154 4269 p.
1168 4205 1228 4268 581,
1247 4204 1265 4258 l.
1277 4205 1313 4260 25
1325 4219 1380 4272 sqq.
1390 4214 1423 4253 to

267 4270 377 4336 walda,
395 4272 499 4324 mssa
515 4271 579 4323 hacc
596 4271 740 4324 monachae
758 4273 786 4328 S.
798 4271 874 4323 Petri
890 4273 1025 4339 supplevit.
1106 4274 1134 4340 2)
1152 4274 1196 4337 Cf.
1210 4277 1254 4328 ‘N.
1266 4275 1382 4328 Archio'

267 4341 331 4406 XX,
349 4359 379 4409 p.
393 4344 454 4408 612,
473 4357 501 4395 a.
515 4344 538 4396 1.
610 4342 639 4410 a)
660 4343 700 4406 Cf.
720 4341 782 4396 ibid.
801 4341 883 4410 XXI,
905 4359 935 4410 p.
948 4346 1008 4398 502.
