3200 4844
308 355 343 410 64
395 351 575 406 ANNALES
595 349 623 407 S.
637 349 753 405 PETRI
770 349 1144 405 ERPHESFURTENSES
1163 349 1344 409 mamilus.

220 515 297 569 1179.
307 536 431 620 agitati
465 537 558 600 inter
587 535 656 598 alia
685 534 877 618 predictam
908 533 1263 612 Halberstatensem⁰‚
1295 537 1428 603 civibus

178 583 245 632 (sm
253 585 296 635 ²⁸).
305 626 342 688 in
366 625 501 690 diversa
521 624 663 708 s'ssgstffist
688 617 940 708 oppugnandob
961 623 1138 688 ciVissatem
1161 625 1305 708 capiunt
1327 647 1427 692 cunc·

304 718 409 797 taque
432 714 500 778 loci
516 714 688 778 eiusdem⁰
710 713 845 778 edificia
862 745 902 754 -
920 713 1120 776 merendum
1140 713 1270 778 relatul
1287 749 1330 758 -
1347 737 1426 781 cum

304 804 379 887 ipsa
402 802 538 868 matrici
570 802 715 866 ecclesia
737 795 1035 885 prothomartiris‘l
1063 801 1193 865 Christi
1223 803 1347 868 honori
1370 805 1426 870 de·

304 892 439 956 dicata⁰
459 891 668 975 reliquisque
689 890 842 956 ecclesiis
857 890 973 953 voraci
990 889 1135 964 flamma,
1160 885 1289 975 proch‘
1309 892 1423 957 dolorl
1443 914 1457 954 ι

304 1001 560 1064 consumpsere;
591 981 628 1043 in
658 979 783 1063 quibus
807 981 864 1043 ctg
897 979 1063 1056 homines,
1095 979 1154 1061 qui
1184 1000 1245 1063 pro
1269 981 1423 1046 locorum

301 1069 454 1134 tuicione
484 1061 599 1132 int11s¹¹
627 1068 866 1151 confugerant,
898 1059 1049 1151 plures¹‚
1080 1071 1121 1130 ut
1144 1068 1282 1146 dicitur,
1316 1071 1423 1135 octin-

301 1152 449 1240 gentisk,
492 1157 676 1243 promiscui
711 1177 810 1221 sexus
846 1159 881 1220 et
916 1157 1018 1220 etatis
1052 1176 1188 1221 necnon
1222 1161 1258 1222 et
1292 1160 1423 1224 ordinis

301 1247 464 1311 flebiliter
498 1239 675 1311 incendiol
717 1245 912 1310 interiorem.
969 1243 1034 1308 His
1069 1246 1234 1310 audacter
1275 1249 1423 1331 patratis

302 1336 457 1418 pontifex
480 1337 688 1400 memoratus
712 1355 790 1398 cum
810 1334 1015 1418 quibusdam
1032 1335 1205 1398 canonicis
1225 1337 1459 1420 captivatore

300 1428 335 1488 et
359 1425 451 1509 apud
475 1425 687 1508 principem¹¹
721 1423 974 1507 pretitulatum,
1006 1443 1073 1506 quo
1104 1423 1318 1489 adeundam
1343 1447 1420 1490 ana·

298 1513 463 1577 thematis
479 1513 617 1577 vinculo
634 1511 805 1586 enodavit,
824 1533 901 1575 cum
919 1512 989 1576 suis
1004 1512 1041 1574 in
1058 1513 1215 1576 custodia
1232 1515 1419 1579 detinetur.

299 1601 435 1666 Dehinc
458 1602 501 1666 ab
525 1603 600 1685 ipso
623 1601 822 1665 muneribus
853 1599 1040 1684 aliquantis
1069 1601 1258 1666 honoratus
1289 1603 1333 1666 ad
1356 1625 1420 1669 sua

210 1687 287 1742 1180.
297 1690 402 1756 rediit
413 1691 433 1767 ¹,
458 1694 494 1755 et
517 1691 637 1755 eodem
658 1710 748 1754 anno
771 1690 841 1753 iam
856 1690 1050 1773 grandevus
1072 1690 1145 1754 vita
1168 1691 1330 1769 decessit;
1355 1714 1418 1777 pro

181 1756 365 1862 ‘'⁸⁹³⁰'‘quo
389 1779 563 1844 Ditericus
586 1779 821 1843 constituitur.
1430 1803 1455 1842 ιι

181 1881 286 1921 con-⁶-
403 1868 613 1933 MOLXXX.
660 1867 872 1952 Imperatore
889 1869 1020 1932 curiam
1044 1888 1140 1931 suam
1164 1868 1255 1932 circa
1277 1870 1416 1954 epipha·

296 1957 389 2021 niam
406 1957 547 2021 Domini
570 1956 664 2041 apud
680 1955 902 2020 Wirceburc⁰
931 1956 1081 2020 habente
1104 1955 1290 2022 Heinricus
1314 1958 1415 2023 Saxo·

295 2067 378 2108 num
402 2067 441 2110 ac
465 2046 669 2110 Noricorum
693 2046 861 2110 hactenus
891 2045 1021 2109 ducatu
1044 2049 1166 2129 potens
1196 2049 1232 2110 et
1262 2046 1415 2112 famosis·

295 2134 400 2198 simus
416 2134 621 2218 interregni
637 2134 835 2218 primatem,
857 2133 1075 2198 evidentibus
1091 2135 1227 2199 indiciis
1241 2135 1410 2200 Romanitl

294 2224 434 2307 agnitus
458 2225 567 2288 hostis
590 2223 735 2306 imperii,
767 2223 979 2306 presenciam
1009 2224 1083 2286 suir
1114 2223 1208 2308 regie
1239 2225 1451 2290 maiestatiso

296 2311 383 2376 *iam
415 2313 474 2376 diu
505 2313 675 2376 animose⁸
712 2311 927 2389 subtrahens,
963 2312 1060 2376 velut
1082 2311 1257 2396 improbus
1290 2314 1508 2378 multa-na

292 2423 368 2464 rum
398 2401 535 2466 invasor
564 2401 786 2466 ecclesiarum
816 2404 852 2464 et
881 2401 1053 2466 violentus
1082 2401 1210 2484 ubique
1233 2423 1413 2487 oppressor

293 2489 423 2554 Christi
451 2511 650 2574 pauperum,
682 2509 723 2554 ex
752 2490 929 2554 sentencia
950 2489 1167 2574 imperatoris
1197 2494 1233 2556 et
1256 2491 1413 2556 unanimi

293 2599 460 2644 consensu
491 2580 727 2664 episcoporum
758 2599 818 2642 seu
847 2579 1041 2662 principum
1071 2578 1141 2642 suis
1172 2579 1331 2644 omnibus
1356 2581 1412 2645 ab·

293 2668 428 2732 dicatus
463 2668 596 2732 cunctis
632 2667 886 2751 persequendus
920 2667 1157 2751 proscribitur,
1194 2672 1229 2732 et
1264 2667 1450 2735 saxonica

293 2756 440 2820 ducatus
463 2757 574 2821 eidem
603 2757 793 2820 secuudum
823 2777 1001 2821 censuram
1031 2757 1245 2840 presencium
1273 2758 1412 2822 ablatus

294 2843 495 2909 Bernhardo
533 2845 653 2910 comiti
690 2845 727 2908 in
761 2841 931 2929 presentit
967 2844 1168 2910 solemniter
1204 2847 1379 2911 addicitur
1388 2847 1411 2910 ².

293 2933 498 3017 Principalis
514 2955 627 2998 comes
642 2925 879 3008 Ltdewicusu,
903 2934 939 2997 in
960 2933 1167 2998 militaribus
1183 2939 1301 2999 nostra
1317 2939 1411 3001 etate

293 3022 573 3087 strennuissimus
590 3027 625 3087 et
641 3023 729 3088 bene
746 3024 885 3097 audens,
903 3023 1040 3087 domniv
1060 3023 1286 3108 imperatoris,
1308 3046 1411 3088 avun-

293 3111 363 3175 culi
378 3111 541 3176 videlicet
564 3111 626 3186 sui,
650 3113 746 3176 iussu
770 3115 805 3176 et
822 3111 1034 3176 Coloniensis
1051 3113 1300 3197 archiepiscopi
1323 3117 1448 3179 cete-ao

292 3220 474 3283 rorumque
505 3201 698 3285 principum
735 3203 860 3284 rogatu
894 3199 1092 3265 condictum
1121 3199 1245 3265 fedus8
1274 3202 1410 3286 prefato

293 3291 372 3355 duci
395 3291 584 3376 refragans,
609 3291 695 3355 fines
719 3291 791 3355 cius
815 3289 940 3354 bellica
970 3311 1076 3353 manu
1098 3289 1218 3372 attigit
1240 3289 1409 3374 villasque

291 3485 314 3530 a)
326 3483 436 3532 κρυφαία
450 3482 609 3532 cllqwmulum
623 3485 708 3521 mucra
721 3480 799 3518 tatem
808 3478 870 3520 ³¹·b:
892 3479 958 3528 (Item
970 3477 1005 3527 ab)
1024 3477 1070 3518 dux
1083 3477 1179 3520 Suonle
1193 3484 1217 3520 et
1231 3479 1327 3520 Bavarle
1341 3481 1410 3520 Heln-

292 3536 351 3576 rlcus
366 3535 431 3578 Halb.
445 3536 506 3577 olvit
520 3536 562 3578 clv.
576 3537 600 3576 ln
615 3537 659 3577 dlv.
674 3536 719 3584 sug.
733 3543 785 3583 opp.
800 3533 860 3582 caplt
873 3543 892 3574 a.
907 3533 921 3574 l.
935 3543 954 3574 e.
968 3529 1003 3574 cd.
1018 3543 1067 3571 oum
1082 3533 1098 3572 l.
1112 3534 1205 3573 matrlco
1219 3543 1238 3574 e.
1252 3545 1287 3582 pr.
1296 3534 1410 3577 chutun.

291 3589 341 3632 ded.
352 3589 392 3630 rel.
406 3590 460 3632 eccl.
474 3599 521 3632 vor.
535 3589 557 3632 fl.
571 3589 713 3638 consumpsit.
754 3587 776 3634 b)
791 3587 874 3638 lugatls
888 3587 966 3624 dmm
980 3586 1038 3636 add„
1051 3587 1089 3624 scd
1102 3587 1142 3629 dol.
1158 3587 1178 3625 2.
1219 3589 1240 3635 c)
1253 3588 1301 3627 clm
1316 3587 1359 3627 loci
1373 3587 1409 3628 εδ.
1420 3589 1447 3630 tt

291 3643 314 3692 d)
328 3642 416 3686 emb.
483 3645 504 3692 e)
518 3642 635 3684 aedificata
649 3641 682 3684 ab.
750 3639 836 3690 Oproh
852 3642 870 3682 1.
937 3641 962 3690 g)
976 3651 1017 3682 vm.
1030 3637 1091 3678 Μ.
1161 3639 1185 3690 h)
1199 3640 1259 3679 inter
1272 3641 1409 3691 conrugnuo·

291 3701 342 3736 rant
356 3697 376 3738 2.
435 3696 452 3746 l)
466 3695 516 3745 plus
529 3695 587 3739 avb.
648 3694 672 3746 k)
686 3695 823 3744 octlngcntos
837 3693 874 3744 θις
889 3693 1011 3742 octingenti
1024 3691 1058 3734 δῦ.
1117 3691 1134 3743 l)
1148 3704 1189 3736 om.
1203 3694 1222 3735 2.
1276 3697 1307 3740 m)
1321 3695 1410 3743 perlcre

290 3747 324 3792 δὴ.
336 3770 363 3778 -
376 3749 486 3798 Excepta
500 3750 523 3787 tu
536 3748 587 3788 aar
608 3749 707 3786 dutum
728 3749 809 3786 addula
829 3751 913 3786 rmum
934 3747 982 3786 uls.-
1003 3750 1113 3795 captuque
1128 3745 1176 3786 elus
1191 3747 1233 3786 locl
1248 3748 1359 3796 cplscopo.
1373 3752 1409 3790 nt-

291 3807 343 3853 porc
354 3803 423 3842 tocius
434 3801 516 3842 lnlurle
525 3813 564 3841 sue
575 3803 690 3841 luctatore
699 3801 825 3852 (lncomora
838 3798 990 3848 dlsceulttb).
1032 3799 1055 3850 n)
1069 3799 1248 3850 prlnclpatumt.
1290 3801 1410 3848 olwlroe·

291 3858 347 3904 burg
361 3855 380 3898 θ.
421 3855 445 3906 p)
458 3855 490 3894 sle
498 3856 517 3896 2.
531 3855 588 3896 nter.
597 3853 829 3904 marmanum
840 3856 858 3896 1.
900 3854 924 3903 q)
937 3854 1039 3893 rhomtnl
1054 3855 1073 3896 1.
1113 3853 1134 3902 r)
1147 3853 1447 3898 remanseramus

290 3909 311 3961 s)
324 3919 408 3950 annone
422 3909 442 3952 2.
496 3910 514 3954 ι)
528 3908 645 3956 presencia
660 3909 680 3947 1.
735 3911 758 3956 n)
773 3905 906 3948 Ludewlcus
920 3908 940 3948 2.
995 3906 1018 3958 v)
1032 3907 1114 3947 domlnl
1129 3909 1148 3946 1.

292 4053 319 4118 1)
338 4051 450 4102 Demum
464 4054 526 4116 post
537 4049 597 4101 Da.
611 4051 654 4104 25.
667 4065 693 4102 a.
708 4051 785 4104 1179.
798 4049 837 4102 od
853 4048 1010 4102 mulas.
1022 4065 1049 4102 a.
1064 4050 1145 4116 1180;
1164 4049 1200 4111 cf.
1213 4051 1285 4104 Anu.
1299 4051 1409 4116 Manae

291 4121 367 4186 turp.
387 4127 411 4172 a
428 4121 531 4186 Pappa,
550 4117 598 4172 SS.
612 4119 692 4184 XVI,
702 4138 731 4188 p.
746 4122 805 4176 194.
823 4121 890 4186 2633
909 4120 1023 4174 Amold.
1041 4118 1136 4172 Lutea
1149 4119 1188 4184 II,
1202 4122 1244 4176 15.
1305 4123 1333 4187 2)
1349 4121 1408 4172 Dn-

290 4197 365 4242 cunc
383 4191 517 4243 Suoeonioc
534 4189 696 4242 Borntordo
713 4191 817 4243 domm
842 4192 873 4242 io
893 4191 971 4240 curia
992 4190 1164 4242 &hamana
1181 4192 1251 4258 Apr.
1270 4193 1307 4245 ι’π.
1326 4191 1408 4244 dolus

291 4267 336 4314 sat.
402 4263 436 4379 ἓ)
455 4261 582 4313 ludariae
598 4277 681 4327 mpero
698 4262 734 4313 od
752 4263 822 4314 dian
834 4261 902 4326 Apr.
916 4263 958 4314 27.
977 4261 1067 4324 fuctus
1084 4262 1169 4326 (Aac.
1189 4262 1281 4328 Papus.
1298 4280 1327 4330 p.
1340 4266 1444 4330 auam

291 4335 385 4381 auctor
420 4332 487 4381 icero
504 4332 616 4386 accur.
