<?xml version="1.0" encoding="UTF-8"?>
<!DOCTYPE html PUBLIC "-//W3C//DTD XHTML 1.0 Transitional//EN"
    "http://www.w3.org/TR/xhtml1/DTD/xhtml1-transitional.dtd">
<html xmlns="http://www.w3.org/1999/xhtml" xml:lang="en" lang="en">
 <head>
  <title>
</title>
<meta http-equiv="Content-Type" content="text/html;charset=utf-8" />
  <meta name='ocr-system' content='tesseract 3.04.00' />
  <meta name='ocr-capabilities' content='ocr_page ocr_carea ocr_par ocr_line ocrx_word'/>
</head>
<body>
  <div class='ocr_page' id='page_1' title='image "./monumentaerphes01monagoog_0226.png"; bbox 0 0 3222 4850; ppageno 0'>
   <div class='ocr_carea' id='block_1_1' title="bbox 264 275 1255 337">
    <p class='ocr_par' dir='ltr' id='par_1_1' title="bbox 264 275 1255 337">
     <span class='ocr_line' id='line_1_1' title="bbox 264 275 1255 337; baseline -0.001 0"><span class='ocrx_word' id='word_1_1' title='bbox 264 281 318 337; x_wconf 80' lang='grc'><strong>214</strong></span> <span class='ocrx_word' id='word_1_2' title='bbox 406 275 572 334; x_wconf 73' lang='lat' dir='ltr'><strong>citemus</strong></span> <span class='ocrx_word' id='word_1_3' title='bbox 584 275 613 334; x_wconf 76' lang='lat'><strong>8.</strong></span> <span class='ocrx_word' id='word_1_4' title='bbox 622 275 738 334; x_wconf 78' lang='lat' dir='ltr'>PETRI</span> <span class='ocrx_word' id='word_1_5' title='bbox 748 275 1010 334; x_wconf 69' lang='lat' dir='ltr'><strong>temnentem</strong></span> <span class='ocrx_word' id='word_1_6' title='bbox 1021 275 1112 335; x_wconf 77' lang='lat' dir='ltr'><strong>Mon.</strong></span> <span class='ocrx_word' id='word_1_7' title='bbox 1130 277 1166 334; x_wconf 83' lang='grc' dir='ltr'><strong>Δ.</strong></span> <span class='ocrx_word' id='word_1_8' title='bbox 1177 280 1255 336; x_wconf 80' lang='grc'><strong>1215.</strong></span> 
     </span>
    </p>
   </div>
   <div class='ocr_carea' id='block_1_2' title="bbox 96 441 1424 3207">
    <p class='ocr_par' dir='ltr' id='par_1_2' title="bbox 96 441 1424 3207">
     <span class='ocr_line' id='line_1_2' title="bbox 96 441 1386 562; baseline -0.001 -36"><span class='ocrx_word' id='word_1_9' title='bbox 96 515 125 562; x_wconf 58' lang='lat'><em>4</em></span> <span class='ocrx_word' id='word_1_10' title='bbox 133 515 164 552; x_wconf 46' lang='lat' dir='ltr'><strong>c,</strong></span> <span class='ocrx_word' id='word_1_11' title='bbox 178 441 255 552; x_wconf 42' lang='grc' dir='ltr'><strong>ξιξ</strong></span> <span class='ocrx_word' id='word_1_12' title='bbox 265 467 436 544; x_wconf 80' lang='lat' dir='ltr'><strong>apostolico</strong></span> <span class='ocrx_word' id='word_1_13' title='bbox 463 483 497 524; x_wconf 88' lang='lat' dir='ltr'><strong>se</strong></span> <span class='ocrx_word' id='word_1_14' title='bbox 526 465 704 525; x_wconf 73' lang='lat' dir='ltr'><strong>feriendum</strong></span> <span class='ocrx_word' id='word_1_15' title='bbox 733 483 829 525; x_wconf 90' lang='lat' dir='ltr'><strong>ense</strong></span> <span class='ocrx_word' id='word_1_16' title='bbox 855 482 920 525; x_wconf 93' lang='lat' dir='ltr'><strong>non</strong></span> <span class='ocrx_word' id='word_1_17' title='bbox 942 467 1083 543; x_wconf 84' lang='lat' dir='ltr'><strong>ambigat</strong></span> <span class='ocrx_word' id='word_1_18' title='bbox 1092 459 1113 526; x_wconf 88' lang='lat'><strong>¹.</strong></span> <span class='ocrx_word' id='word_1_19' title='bbox 1160 467 1240 526; x_wconf 85' lang='lat' dir='ltr'><strong>Ecce</strong></span> <span class='ocrx_word' id='word_1_20' title='bbox 1263 484 1386 543; x_wconf 78' lang='lat' dir='ltr'><strong>sagena</strong></span> 
     </span>
     <span class='ocr_line' id='line_1_3' title="bbox 123 542 1386 659; baseline 0.001 -45"><span class='ocrx_word' id='word_1_21' title='bbox 123 542 350 659; x_wconf 52' lang='lat' dir='ltr'><strong>ffl’fflffi</strong></span> <span class='ocrx_word' id='word_1_22' title='bbox 371 574 427 632; x_wconf 89' lang='lat' dir='ltr'><strong>per</strong></span> <span class='ocrx_word' id='word_1_23' title='bbox 448 573 528 614; x_wconf 84' lang='lat' dir='ltr'><strong>mors</strong></span> <span class='ocrx_word' id='word_1_24' title='bbox 549 571 683 630; x_wconf 67' lang='lat' dir='ltr'><strong>mopiam</strong></span> <span class='ocrx_word' id='word_1_25' title='bbox 704 559 731 614; x_wconf 83' lang='lat' dir='ltr'><strong>st</strong></span> <span class='ocrx_word' id='word_1_26' title='bbox 751 554 913 629; x_wconf 60' lang='lat' dir='ltr'><strong>msam</strong></span> <span class='ocrx_word' id='word_1_27' title='bbox 933 555 1068 615; x_wconf 60' lang='lat' dir='ltr'><strong>mattis</strong></span> <span class='ocrx_word' id='word_1_28' title='bbox 1089 573 1237 632; x_wconf 86' lang='lat' dir='ltr'><strong>expansa,</strong></span> <span class='ocrx_word' id='word_1_29' title='bbox 1255 555 1386 630; x_wconf 73' lang='lat' dir='ltr'><strong>pusillos</strong></span> 
     </span>
     <span class='ocr_line' id='line_1_4' title="bbox 154 643 1381 720; baseline -0.002 -14"><span class='ocrx_word' id='word_1_30' title='bbox 154 648 160 660; x_wconf 88' lang='lat'>&#39;</span> <span class='ocrx_word' id='word_1_31' title='bbox 208 649 214 668; x_wconf 88' lang='lat'><em>&#39;</em></span> <span class='ocrx_word' id='word_1_32' title='bbox 250 650 328 706; x_wconf 68' lang='lat' dir='ltr'><strong>&#39;mm</strong></span> <span class='ocrx_word' id='word_1_33' title='bbox 349 643 462 720; x_wconf 74' lang='lat' dir='ltr'><strong>magnis</strong></span> <span class='ocrx_word' id='word_1_34' title='bbox 483 644 644 713; x_wconf 85' lang='lat' dir='ltr'><strong>exhibens,</strong></span> <span class='ocrx_word' id='word_1_35' title='bbox 667 644 765 702; x_wconf 81' lang='lat' dir='ltr'><strong>trahit</strong></span> <span class='ocrx_word' id='word_1_36' title='bbox 787 645 1027 714; x_wconf 82' lang='lat' dir='ltr'><strong>miliemilium;</strong></span> <span class='ocrx_word' id='word_1_37' title='bbox 1051 647 1186 704; x_wconf 84' lang='lat' dir='ltr'><strong>tamen</strong></span> <span class='ocrx_word' id='word_1_38' title='bbox 1208 649 1241 702; x_wconf 91' lang='lat' dir='ltr'><strong>et</strong></span> <span class='ocrx_word' id='word_1_39' title='bbox 1259 645 1381 703; x_wconf 88' lang='lat' dir='ltr'><strong>sivelis</strong></span> 
     </span>
     <span class='ocr_line' id='line_1_5' title="bbox 264 734 1381 810; baseline -0.001 -17"><span class='ocrx_word' id='word_1_40' title='bbox 264 734 512 810; x_wconf 80' lang='lat' dir='ltr'><strong>archiepiscopos</strong></span> <span class='ocrx_word' id='word_1_41' title='bbox 541 749 716 802; x_wconf 87' lang='lat' dir='ltr'><strong>recensere,</strong></span> <span class='ocrx_word' id='word_1_42' title='bbox 746 749 855 792; x_wconf 87' lang='lat' dir='ltr'><strong>eorum</strong></span> <span class='ocrx_word' id='word_1_43' title='bbox 888 734 1098 792; x_wconf 77' lang='lat' dir='ltr'><strong>numerositas</strong></span> <span class='ocrx_word' id='word_1_44' title='bbox 1132 751 1205 792; x_wconf 94' lang='lat' dir='ltr'><strong>cum</strong></span> <span class='ocrx_word' id='word_1_45' title='bbox 1237 734 1381 809; x_wconf 77' lang='lat' dir='ltr'>diligenti</span> 
     </span>
     <span class='ocr_line' id='line_1_6' title="bbox 263 821 1415 898; baseline -0.003 -17"><span class='ocrx_word' id='word_1_46' title='bbox 263 825 389 882; x_wconf 84' lang='lat' dir='ltr'><strong>eciam</strong></span> <span class='ocrx_word' id='word_1_47' title='bbox 418 821 626 882; x_wconf 58' lang='lat' dir='ltr'><strong>emmarricus</strong></span> <span class='ocrx_word' id='word_1_48' title='bbox 656 838 720 878; x_wconf 90' lang='lat' dir='ltr'><strong>nou</strong></span> <span class='ocrx_word' id='word_1_49' title='bbox 750 825 846 897; x_wconf 87' lang='lat' dir='ltr'><strong>queat</strong></span> <span class='ocrx_word' id='word_1_50' title='bbox 871 823 1108 898; x_wconf 84' lang='lat' dir='ltr'><strong>computari.</strong></span> <span class='ocrx_word' id='word_1_51' title='bbox 1155 823 1297 898; x_wconf 90' lang='lat' dir='ltr'><strong>Denique</strong></span> <span class='ocrx_word' id='word_1_52' title='bbox 1320 822 1415 880; x_wconf 79' lang='lat' dir='ltr'><strong>subs</strong></span> 
     </span>
     <span class='ocr_line' id='line_1_7' title="bbox 263 910 1379 987; baseline -0.002 -17"><span class='ocrx_word' id='word_1_53' title='bbox 263 928 410 987; x_wconf 86' lang='lat' dir='ltr'><strong>pressura</strong></span> <span class='ocrx_word' id='word_1_54' title='bbox 438 910 652 968; x_wconf 88' lang='lat' dir='ltr'><strong>multitudinis</strong></span> <span class='ocrx_word' id='word_1_55' title='bbox 681 911 828 986; x_wconf 78' lang='lat' dir='ltr'><strong>episcopi,</strong></span> <span class='ocrx_word' id='word_1_56' title='bbox 858 911 989 970; x_wconf 83' lang='lat' dir='ltr'><strong>abbates</strong></span> <span class='ocrx_word' id='word_1_57' title='bbox 1018 914 1051 970; x_wconf 91' lang='lat' dir='ltr'><strong>et</strong></span> <span class='ocrx_word' id='word_1_58' title='bbox 1080 912 1304 987; x_wconf 86' lang='lat' dir='ltr'><strong>quamplures</strong></span> <span class='ocrx_word' id='word_1_59' title='bbox 1327 911 1379 968; x_wconf 87' lang='lat' dir='ltr'><strong>alii</strong></span> 
     </span>
     <span class='ocr_line' id='line_1_8' title="bbox 263 999 1381 1076; baseline 0 -18"><span class='ocrx_word' id='word_1_60' title='bbox 263 1001 472 1059; x_wconf 89' lang='lat' dir='ltr'><strong>novissimum</strong></span> <span class='ocrx_word' id='word_1_61' title='bbox 494 1000 528 1056; x_wconf 93' lang='lat' dir='ltr'><strong>in</strong></span> <span class='ocrx_word' id='word_1_62' title='bbox 550 999 680 1056; x_wconf 90' lang='lat' dir='ltr'><strong>concilio</strong></span> <span class='ocrx_word' id='word_1_63' title='bbox 703 1000 848 1074; x_wconf 86' lang='lat' dir='ltr'><strong>spiritum</strong></span> <span class='ocrx_word' id='word_1_64' title='bbox 877 1000 1091 1069; x_wconf 75' lang='lat' dir='ltr'><strong>enataverunt,</strong></span> <span class='ocrx_word' id='word_1_65' title='bbox 1115 1017 1177 1058; x_wconf 91' lang='lat' dir='ltr'><strong>non</strong></span> <span class='ocrx_word' id='word_1_66' title='bbox 1201 1017 1292 1076; x_wconf 87' lang='lat' dir='ltr'><strong>pape,</strong></span> <span class='ocrx_word' id='word_1_67' title='bbox 1323 999 1381 1058; x_wconf 90' lang='lat' dir='ltr'><strong>ssd</strong></span> 
     </span>
     <span class='ocr_line' id='line_1_9' title="bbox 263 1087 1381 1164; baseline -0.001 -17"><span class='ocrx_word' id='word_1_68' title='bbox 263 1089 329 1147; x_wconf 91' lang='lat' dir='ltr'><strong>Deo</strong></span> <span class='ocrx_word' id='word_1_69' title='bbox 344 1088 497 1147; x_wconf 87' lang='lat' dir='ltr'><strong>reddituri</strong></span> <span class='ocrx_word' id='word_1_70' title='bbox 519 1088 676 1146; x_wconf 85' lang='lat' dir='ltr'><strong>racionem</strong></span> <span class='ocrx_word' id='word_1_71' title='bbox 698 1087 739 1145; x_wconf 92' lang='lat' dir='ltr'><strong>de</strong></span> <span class='ocrx_word' id='word_1_72' title='bbox 761 1089 939 1158; x_wconf 89' lang='lat' dir='ltr'><strong>cunctis,</strong></span> <span class='ocrx_word' id='word_1_73' title='bbox 963 1105 1024 1164; x_wconf 92' lang='lat' dir='ltr'><strong>que</strong></span> <span class='ocrx_word' id='word_1_74' title='bbox 1046 1090 1087 1146; x_wconf 94' lang='lat' dir='ltr'><strong>in</strong></span> <span class='ocrx_word' id='word_1_75' title='bbox 1109 1089 1182 1148; x_wconf 84' lang='lat' dir='ltr'><strong>hac</strong></span> <span class='ocrx_word' id='word_1_76' title='bbox 1204 1090 1290 1147; x_wconf 85' lang='lat' dir='ltr'><strong>vita</strong></span> <span class='ocrx_word' id='word_1_77' title='bbox 1312 1106 1381 1164; x_wconf 88' lang='lat' dir='ltr'><strong>ges·</strong></span> 
     </span>
     <span class='ocr_line' id='line_1_10' title="bbox 264 1176 1381 1253; baseline -0.001 -17"><span class='ocrx_word' id='word_1_78' title='bbox 264 1181 382 1236; x_wconf 78' lang='lat' dir='ltr'><strong>sensui.</strong></span> <span class='ocrx_word' id='word_1_79' title='bbox 428 1177 476 1234; x_wconf 84' lang='lat' dir='ltr'><strong>lbi</strong></span> <span class='ocrx_word' id='word_1_80' title='bbox 498 1176 584 1234; x_wconf 83' lang='lat' dir='ltr'><strong>facta</strong></span> <span class='ocrx_word' id='word_1_81' title='bbox 606 1177 743 1252; x_wconf 89' lang='lat' dir='ltr'><strong>primum</strong></span> <span class='ocrx_word' id='word_1_82' title='bbox 765 1177 984 1236; x_wconf 78' lang='lat' dir='ltr'><strong>exhortacione</strong></span> <span class='ocrx_word' id='word_1_83' title='bbox 1013 1178 1047 1234; x_wconf 92' lang='lat' dir='ltr'><strong>in</strong></span> <span class='ocrx_word' id='word_1_84' title='bbox 1076 1194 1220 1236; x_wconf 87' lang='lat' dir='ltr'><strong>sermone</strong></span> <span class='ocrx_word' id='word_1_85' title='bbox 1250 1178 1381 1253; x_wconf 91' lang='lat' dir='ltr'><strong>polito</strong></span> 
     </span>
     <span class='ocr_line' id='line_1_11' title="bbox 263 1264 1423 1342; baseline -0.003 -18"><span class='ocrx_word' id='word_1_86' title='bbox 263 1266 303 1324; x_wconf 88' lang='lat' dir='ltr'><strong>de</strong></span> <span class='ocrx_word' id='word_1_87' title='bbox 325 1265 397 1336; x_wconf 90' lang='lat' dir='ltr'><strong>flde,</strong></span> <span class='ocrx_word' id='word_1_88' title='bbox 422 1282 477 1341; x_wconf 91' lang='lat' dir='ltr'><strong>spe</strong></span> <span class='ocrx_word' id='word_1_89' title='bbox 500 1269 539 1324; x_wconf 89' lang='lat' dir='ltr'><strong>et</strong></span> <span class='ocrx_word' id='word_1_90' title='bbox 568 1264 719 1323; x_wconf 68' lang='lat' dir='ltr'><strong>mutate*</strong></span> <span class='ocrx_word' id='word_1_91' title='bbox 745 1265 904 1335; x_wconf 84' lang='lat' dir='ltr'><strong>disseruit,</strong></span> <span class='ocrx_word' id='word_1_92' title='bbox 927 1265 1042 1324; x_wconf 88' lang='lat' dir='ltr'><strong>deinde</strong></span> <span class='ocrx_word' id='word_1_93' title='bbox 1065 1266 1257 1324; x_wconf 82' lang='lat' dir='ltr'><strong>Fridericum</strong></span> <span class='ocrx_word' id='word_1_94' title='bbox 1283 1282 1423 1342; x_wconf 75' lang='lat' dir='ltr'><strong>sagn-ro</strong></span> 
     </span>
     <span class='ocr_line' id='line_1_12' title="bbox 263 1353 1381 1431; baseline 0 -19"><span class='ocrx_word' id='word_1_95' title='bbox 263 1358 350 1414; x_wconf 88' lang='lat' dir='ltr'><strong>stum</strong></span> <span class='ocrx_word' id='word_1_96' title='bbox 371 1353 516 1412; x_wconf 78' lang='lat' dir='ltr'><strong>luterum</strong></span> <span class='ocrx_word' id='word_1_97' title='bbox 537 1354 757 1429; x_wconf 76' lang='lat' dir='ltr'><strong>imperatorem</strong></span> <span class='ocrx_word' id='word_1_98' title='bbox 780 1354 903 1430; x_wconf 85' lang='lat' dir='ltr'><strong>publice</strong></span> <span class='ocrx_word' id='word_1_99' title='bbox 918 1355 1099 1424; x_wconf 80' lang='lat' dir='ltr'><strong>declaravit,</strong></span> <span class='ocrx_word' id='word_1_100' title='bbox 1123 1356 1235 1431; x_wconf 87' lang='lat' dir='ltr'><strong>cuique</strong></span> <span class='ocrx_word' id='word_1_101' title='bbox 1250 1355 1381 1414; x_wconf 88' lang='lat' dir='ltr'><strong>ecclesie</strong></span> 
     </span>
     <span class='ocr_line' id='line_1_13' title="bbox 263 1430 1380 1520; baseline 0 -18"><span class='ocrx_word' id='word_1_102' title='bbox 263 1460 322 1502; x_wconf 86' lang='lat' dir='ltr'><strong>sua</strong></span> <span class='ocrx_word' id='word_1_103' title='bbox 350 1444 419 1501; x_wconf 85' lang='lat' dir='ltr'><strong>iura</strong></span> <span class='ocrx_word' id='word_1_104' title='bbox 447 1459 537 1501; x_wconf 86' lang='lat' dir='ltr'><strong>esse</strong></span> <span class='ocrx_word' id='word_1_105' title='bbox 567 1430 741 1500; x_wconf 68' lang='lat' dir='ltr'><strong>servandsl</strong></span> <span class='ocrx_word' id='word_1_106' title='bbox 769 1444 917 1512; x_wconf 88' lang='lat' dir='ltr'><strong>innotuit,</strong></span> <span class='ocrx_word' id='word_1_107' title='bbox 947 1460 1053 1518; x_wconf 86' lang='lat' dir='ltr'><strong>regem</strong></span> <span class='ocrx_word' id='word_1_108' title='bbox 1082 1444 1196 1520; x_wconf 83' lang='lat' dir='ltr'><strong>Anglie</strong></span> <span class='ocrx_word' id='word_1_109' title='bbox 1226 1448 1259 1502; x_wconf 87' lang='lat' dir='ltr'><strong>et</strong></span> <span class='ocrx_word' id='word_1_110' title='bbox 1290 1461 1380 1519; x_wconf 87' lang='lat' dir='ltr'><strong>reges</strong></span> 
     </span>
     <span class='ocr_line' id='line_1_14' title="bbox 263 1530 1379 1607; baseline 0 -17"><span class='ocrx_word' id='word_1_111' title='bbox 263 1533 341 1590; x_wconf 81' lang='lat' dir='ltr'><strong>alios</strong></span> <span class='ocrx_word' id='word_1_112' title='bbox 364 1549 422 1590; x_wconf 92' lang='lat' dir='ltr'><strong>suo</strong></span> <span class='ocrx_word' id='word_1_113' title='bbox 445 1530 654 1607; x_wconf 76' lang='lat' dir='ltr'><strong>apostolatui⁰</strong></span> <span class='ocrx_word' id='word_1_114' title='bbox 682 1531 850 1602; x_wconf 83' lang='lat' dir='ltr'><strong>subiciens,</strong></span> <span class='ocrx_word' id='word_1_115' title='bbox 873 1533 1020 1590; x_wconf 87' lang='lat' dir='ltr'><strong>instituta</strong></span> <span class='ocrx_word' id='word_1_116' title='bbox 1043 1532 1143 1590; x_wconf 86' lang='lat' dir='ltr'><strong>edidit</strong></span> <span class='ocrx_word' id='word_1_117' title='bbox 1165 1534 1379 1591; x_wconf 89' lang='lat' dir='ltr'><strong>ecclesiarum.</strong></span> 
     </span>
     <span class='ocr_line' id='line_1_15' title="bbox 263 1620 1380 1690; baseline 0 -12"><span class='ocrx_word' id='word_1_118' title='bbox 263 1621 321 1678; x_wconf 88' lang='lat' dir='ltr'><strong>His</strong></span> <span class='ocrx_word' id='word_1_119' title='bbox 344 1623 377 1678; x_wconf 87' lang='lat' dir='ltr'><strong>et</strong></span> <span class='ocrx_word' id='word_1_120' title='bbox 399 1621 468 1678; x_wconf 84' lang='lat' dir='ltr'><strong>aliis</strong></span> <span class='ocrx_word' id='word_1_121' title='bbox 492 1620 594 1678; x_wconf 88' lang='lat' dir='ltr'><strong>modis</strong></span> <span class='ocrx_word' id='word_1_122' title='bbox 617 1638 712 1678; x_wconf 91' lang='lat' dir='ltr'><strong>suum</strong></span> <span class='ocrx_word' id='word_1_123' title='bbox 734 1621 917 1679; x_wconf 86' lang='lat' dir='ltr'><strong>terminavit</strong></span> <span class='ocrx_word' id='word_1_124' title='bbox 945 1621 1123 1690; x_wconf 89' lang='lat' dir='ltr'><strong>concilium,</strong></span> <span class='ocrx_word' id='word_1_125' title='bbox 1146 1623 1300 1680; x_wconf 87' lang='lat' dir='ltr'><strong>estimans</strong></span> <span class='ocrx_word' id='word_1_126' title='bbox 1329 1622 1380 1679; x_wconf 90' lang='lat' dir='ltr'><strong>sni</strong></span> 
     </span>
     <span class='ocr_line' id='line_1_16' title="bbox 263 1709 1423 1786; baseline -0.003 -18"><span class='ocrx_word' id='word_1_127' title='bbox 263 1710 403 1785; x_wconf 89' lang='lat' dir='ltr'><strong>precium</strong></span> <span class='ocrx_word' id='word_1_128' title='bbox 432 1709 557 1778; x_wconf 86' lang='lat' dir='ltr'><strong>laboris,</strong></span> <span class='ocrx_word' id='word_1_129' title='bbox 587 1710 614 1766; x_wconf 88' lang='lat' dir='ltr'><strong>si</strong></span> <span class='ocrx_word' id='word_1_130' title='bbox 643 1726 698 1785; x_wconf 92' lang='lat' dir='ltr'><strong>pre</strong></span> <span class='ocrx_word' id='word_1_131' title='bbox 727 1711 849 1768; x_wconf 88' lang='lat' dir='ltr'><strong>cunctis</strong></span> <span class='ocrx_word' id='word_1_132' title='bbox 873 1711 938 1768; x_wconf 87' lang='lat' dir='ltr'><strong>suis</strong></span> <span class='ocrx_word' id='word_1_133' title='bbox 961 1710 1165 1786; x_wconf 78' lang='lat' dir='ltr'><strong>participibus</strong></span> <span class='ocrx_word' id='word_1_134' title='bbox 1188 1714 1256 1768; x_wconf 85' lang='lat' dir='ltr'><strong>tam</strong></span> <span class='ocrx_word' id='word_1_135' title='bbox 1279 1711 1423 1786; x_wconf 77' lang='lat' dir='ltr'><strong>cepio-m</strong></span> 
     </span>
     <span class='ocr_line' id='line_1_17' title="bbox 263 1797 1380 1874; baseline 0.001 -18"><span class='ocrx_word' id='word_1_136' title='bbox 263 1815 333 1856; x_wconf 85' lang='lat' dir='ltr'><strong>sam</strong></span> <span class='ocrx_word' id='word_1_137' title='bbox 362 1798 436 1856; x_wconf 88' lang='lat' dir='ltr'><strong>cleri</strong></span> <span class='ocrx_word' id='word_1_138' title='bbox 466 1797 703 1856; x_wconf 83' lang='lat' dir='ltr'><strong>multitudinem</strong></span> <span class='ocrx_word' id='word_1_139' title='bbox 729 1799 771 1855; x_wconf 87' lang='lat' dir='ltr'><strong>ad</strong></span> <span class='ocrx_word' id='word_1_140' title='bbox 801 1799 850 1856; x_wconf 92' lang='lat' dir='ltr'><strong>sui</strong></span> <span class='ocrx_word' id='word_1_141' title='bbox 873 1799 1068 1874; x_wconf 88' lang='lat' dir='ltr'><strong>presenciam</strong></span> <span class='ocrx_word' id='word_1_142' title='bbox 1090 1800 1286 1874; x_wconf 80' lang='lat' dir='ltr'><strong>apostolatus</strong></span> <span class='ocrx_word' id='word_1_143' title='bbox 1309 1815 1380 1858; x_wconf 88' lang='lat' dir='ltr'><strong>evo·</strong></span> 
     </span>
     <span class='ocr_line' id='line_1_18' title="bbox 176 1884 1381 1963; baseline 0.003 -23"><span class='ocrx_word' id='word_1_144' title='bbox 176 1887 375 1945; x_wconf 77' lang='lat' dir='ltr'><strong>121o.casset.</strong></span> <span class='ocrx_word' id='word_1_145' title='bbox 422 1884 483 1958; x_wconf 91' lang='lat' dir='ltr'><strong>Qui</strong></span> <span class='ocrx_word' id='word_1_146' title='bbox 505 1889 578 1962; x_wconf 87' lang='lat' dir='ltr'><strong>poet</strong></span> <span class='ocrx_word' id='word_1_147' title='bbox 600 1886 769 1956; x_wconf 90' lang='lat' dir='ltr'><strong>modicum,</strong></span> <span class='ocrx_word' id='word_1_148' title='bbox 793 1887 897 1945; x_wconf 85' lang='lat' dir='ltr'><strong>idest</strong></span> <span class='ocrx_word' id='word_1_149' title='bbox 919 1904 1003 1945; x_wconf 89' lang='lat' dir='ltr'><strong>anno</strong></span> <span class='ocrx_word' id='word_1_150' title='bbox 1025 1887 1110 1946; x_wconf 76' lang='lat' dir='ltr'><strong>xlx.</strong></span> <span class='ocrx_word' id='word_1_151' title='bbox 1135 1889 1185 1946; x_wconf 92' lang='lat' dir='ltr'><strong>sui</strong></span> <span class='ocrx_word' id='word_1_152' title='bbox 1207 1888 1381 1963; x_wconf 80' lang='lat' dir='ltr'><strong>pontifi·</strong></span> 
     </span>
     <span class='ocr_line' id='line_1_19' title="bbox 161 1969 1381 2046; baseline 0.002 -14"><span class='ocrx_word' id='word_1_153' title='bbox 161 1978 369 2044; x_wconf 63' lang='lat' dir='ltr'><strong>misissetne,</strong></span> <span class='ocrx_word' id='word_1_154' title='bbox 400 1975 602 2033; x_wconf 88' lang='lat' dir='ltr'><strong>decedens</strong></span> <span class='ocrx_word' id='word_1_155' title='bbox 631 1992 690 2033; x_wconf 92' lang='lat' dir='ltr'><strong>nec</strong></span> <span class='ocrx_word' id='word_1_156' title='bbox 719 1976 854 2034; x_wconf 82' lang='lat' dir='ltr'><strong>similem</strong></span> <span class='ocrx_word' id='word_1_157' title='bbox 878 1969 941 2034; x_wconf 78' lang='lat' dir='ltr'><strong>*eui</strong></span> <span class='ocrx_word' id='word_1_158' title='bbox 969 1977 1113 2046; x_wconf 88' lang='lat' dir='ltr'><strong>sciencia,</strong></span> <span class='ocrx_word' id='word_1_159' title='bbox 1143 1977 1303 2046; x_wconf 82' lang='lat' dir='ltr'><strong>facundia,</strong></span> <span class='ocrx_word' id='word_1_160' title='bbox 1328 1977 1381 2034; x_wconf 76' lang='lat' dir='ltr'><strong>de</strong></span> 
     </span>
     <span class='ocr_line' id='line_1_20' title="bbox 262 2064 1381 2140; baseline 0 -18"><span class='ocrx_word' id='word_1_161' title='bbox 262 2067 418 2122; x_wconf 87' lang='lat' dir='ltr'><strong>cretorum</strong></span> <span class='ocrx_word' id='word_1_162' title='bbox 440 2067 473 2122; x_wconf 88' lang='lat' dir='ltr'><strong>et</strong></span> <span class='ocrx_word' id='word_1_163' title='bbox 494 2064 601 2139; x_wconf 91' lang='lat' dir='ltr'><strong>legum</strong></span> <span class='ocrx_word' id='word_1_164' title='bbox 619 2064 742 2140; x_wconf 87' lang='lat' dir='ltr'><strong>pericia,</strong></span> <span class='ocrx_word' id='word_1_165' title='bbox 766 2066 977 2123; x_wconf 72' lang='lat' dir='ltr'><strong>strennuitate</strong></span> <span class='ocrx_word' id='word_1_166' title='bbox 992 2065 1178 2124; x_wconf 88' lang='lat' dir='ltr'><strong>iudiciorum</strong></span> <span class='ocrx_word' id='word_1_167' title='bbox 1200 2083 1259 2124; x_wconf 92' lang='lat' dir='ltr'><strong>nec</strong></span> <span class='ocrx_word' id='word_1_168' title='bbox 1275 2065 1381 2124; x_wconf 85' lang='lat' dir='ltr'><strong>adhuc</strong></span> 
     </span>
     <span class='ocr_line' id='line_1_21' title="bbox 261 2153 1424 2228; baseline -0.002 -18"><span class='ocrx_word' id='word_1_169' title='bbox 261 2153 355 2214; x_wconf 86' lang='lat' dir='ltr'><strong>visus.</strong></span> <span class='ocrx_word' id='word_1_170' title='bbox 373 2156 422 2210; x_wconf 88' lang='lat' dir='ltr'><strong>est</strong></span> <span class='ocrx_word' id='word_1_171' title='bbox 443 2153 558 2212; x_wconf 83' lang='lat' dir='ltr'><strong>habere</strong></span> <span class='ocrx_word' id='word_1_172' title='bbox 581 2157 775 2228; x_wconf 87' lang='lat' dir='ltr'><strong>sequentem.</strong></span> <span class='ocrx_word' id='word_1_173' title='bbox 1390 2169 1424 2208; x_wconf 86' lang='lat' dir='ltr'><strong>so</strong></span> 
     </span>
     <span class='ocr_line' id='line_1_22' title="bbox 174 2240 1381 2318; baseline 0.003 -20"><span class='ocrx_word' id='word_1_174' title='bbox 174 2245 251 2299; x_wconf 80' lang='lat'>1217.</span> <span class='ocrx_word' id='word_1_175' title='bbox 367 2241 464 2300; x_wconf 89' lang='lat' dir='ltr'><strong>Post</strong></span> <span class='ocrx_word' id='word_1_176' title='bbox 486 2242 558 2300; x_wconf 90' lang='lat' dir='ltr'><strong>hec</strong></span> <span class='ocrx_word' id='word_1_177' title='bbox 580 2240 656 2300; x_wconf 89' lang='lat' dir='ltr'><strong>Otto</strong></span> <span class='ocrx_word' id='word_1_178' title='bbox 680 2241 783 2300; x_wconf 86' lang='lat' dir='ltr'><strong>dictus</strong></span> <span class='ocrx_word' id='word_1_179' title='bbox 805 2243 976 2318; x_wconf 81' lang='lat' dir='ltr'><strong>imperator</strong></span> <span class='ocrx_word' id='word_1_180' title='bbox 997 2243 1079 2299; x_wconf 88' lang='lat' dir='ltr'><strong>vires</strong></span> <span class='ocrx_word' id='word_1_181' title='bbox 1109 2243 1213 2300; x_wconf 86' lang='lat' dir='ltr'><strong>adhuc</strong></span> <span class='ocrx_word' id='word_1_182' title='bbox 1237 2261 1312 2300; x_wconf 86' lang='lat' dir='ltr'><strong>suas</strong></span> <span class='ocrx_word' id='word_1_183' title='bbox 1335 2259 1381 2302; x_wconf 88' lang='lat' dir='ltr'><strong>re·</strong></span> 
     </span>
     <span class='ocr_line' id='line_1_23' title="bbox 262 2331 1381 2407; baseline 0.001 -18"><span class='ocrx_word' id='word_1_184' title='bbox 262 2344 411 2406; x_wconf 84' lang='lat' dir='ltr'><strong>ouperare</strong></span> <span class='ocrx_word' id='word_1_185' title='bbox 433 2332 572 2406; x_wconf 82' lang='lat' dir='ltr'><strong>gestiens</strong></span> <span class='ocrx_word' id='word_1_186' title='bbox 595 2331 728 2406; x_wconf 87' lang='lat' dir='ltr'><strong>pecnnia</strong></span> <span class='ocrx_word' id='word_1_187' title='bbox 749 2332 931 2407; x_wconf 79' lang='lat' dir='ltr'><strong>aggreditur</strong></span> <span class='ocrx_word' id='word_1_188' title='bbox 952 2331 1074 2389; x_wconf 89' lang='lat' dir='ltr'><strong>animos</strong></span> <span class='ocrx_word' id='word_1_189' title='bbox 1097 2332 1274 2407; x_wconf 90' lang='lat' dir='ltr'><strong>principum</strong></span> <span class='ocrx_word' id='word_1_190' title='bbox 1298 2347 1381 2390; x_wconf 92' lang='lat' dir='ltr'><strong>cor·</strong></span> 
     </span>
     <span class='ocr_line' id='line_1_24' title="bbox 261 2411 1381 2496; baseline 0.002 -20"><span class='ocrx_word' id='word_1_191' title='bbox 261 2436 461 2496; x_wconf 90' lang='lat' dir='ltr'><strong>rumpere,</strong></span> <span class='ocrx_word' id='word_1_192' title='bbox 482 2420 628 2495; x_wconf 89' lang='lat' dir='ltr'><strong>precipue</strong></span> <span class='ocrx_word' id='word_1_193' title='bbox 642 2411 883 2494; x_wconf 83' lang='lat' dir='ltr'><strong>H[ermannum]</strong></span> <span class='ocrx_word' id='word_1_194' title='bbox 900 2421 1175 2494; x_wconf 83' lang='lat' dir='ltr'><strong>lantgravium</strong></span> <span class='ocrx_word' id='word_1_195' title='bbox 1190 2421 1250 2478; x_wconf 91' lang='lat' dir='ltr'><strong>sibi</strong></span> <span class='ocrx_word' id='word_1_196' title='bbox 1266 2420 1381 2478; x_wconf 83' lang='lat' dir='ltr'><strong>coadu-</strong></span> 
     </span>
     <span class='ocr_line' id='line_1_25' title="bbox 261 2497 1381 2584; baseline 0.001 -17"><span class='ocrx_word' id='word_1_197' title='bbox 261 2525 352 2578; x_wconf 87' lang='lat' dir='ltr'><strong>nare;</strong></span> <span class='ocrx_word' id='word_1_198' title='bbox 383 2509 446 2584; x_wconf 90' lang='lat' dir='ltr'><strong>qui,</strong></span> <span class='ocrx_word' id='word_1_199' title='bbox 478 2509 641 2567; x_wconf 89' lang='lat' dir='ltr'><strong>scilicet</strong></span> <span class='ocrx_word' id='word_1_200' title='bbox 662 2497 974 2583; x_wconf 78' lang='lat' dir='ltr'><strong>H[ermannus]‘¹</strong></span> <span class='ocrx_word' id='word_1_201' title='bbox 999 2509 1277 2584; x_wconf 83' lang='lat' dir='ltr'><strong>lantgravius,</strong></span> <span class='ocrx_word' id='word_1_202' title='bbox 1305 2526 1381 2568; x_wconf 87' lang='lat' dir='ltr'><strong>cum</strong></span> 
     </span>
     <span class='ocr_line' id='line_1_26' title="bbox 261 2597 1424 2674; baseline -0.001 -19"><span class='ocrx_word' id='word_1_203' title='bbox 261 2614 299 2655; x_wconf 89' lang='lat' dir='ltr'><strong>ex</strong></span> <span class='ocrx_word' id='word_1_204' title='bbox 321 2599 452 2656; x_wconf 89' lang='lat' dir='ltr'><strong>cronicis</strong></span> <span class='ocrx_word' id='word_1_205' title='bbox 475 2598 674 2674; x_wconf 86' lang='lat' dir='ltr'><strong>passionibus</strong></span> <span class='ocrx_word' id='word_1_206' title='bbox 697 2601 831 2656; x_wconf 85' lang='lat' dir='ltr'><strong>mortem</strong></span> <span class='ocrx_word' id='word_1_207' title='bbox 854 2597 914 2655; x_wconf 87' lang='lat' dir='ltr'><strong>sibi</strong></span> <span class='ocrx_word' id='word_1_208' title='bbox 928 2598 1102 2672; x_wconf 86' lang='lat' dir='ltr'><strong>proximam</strong></span> <span class='ocrx_word' id='word_1_209' title='bbox 1125 2598 1298 2666; x_wconf 88' lang='lat' dir='ltr'><strong>metiretur,</strong></span> <span class='ocrx_word' id='word_1_210' title='bbox 1323 2612 1424 2674; x_wconf 72' lang='lat' dir='ltr'><strong>spese</strong></span> 
     </span>
     <span class='ocr_line' id='line_1_27' title="bbox 130 2678 1381 2762; baseline 0.001 -19"><span class='ocrx_word' id='word_1_211' title='bbox 130 2689 370 2756; x_wconf 51' lang='lat' dir='ltr'><strong>(sparortsmen</strong></span> <span class='ocrx_word' id='word_1_212' title='bbox 384 2687 515 2762; x_wconf 87' lang='lat' dir='ltr'><strong>pecunie</strong></span> <span class='ocrx_word' id='word_1_213' title='bbox 532 2678 746 2761; x_wconf 56' lang='lat' dir='ltr'><strong>[transitum]</strong></span> <span class='ocrx_word' id='word_1_214' title='bbox 762 2690 854 2762; x_wconf 81' lang='lat' dir='ltr'><strong>paret</strong></span> <span class='ocrx_word' id='word_1_215' title='bbox 868 2686 910 2743; x_wconf 85' lang='lat' dir='ltr'><strong>ad</strong></span> <span class='ocrx_word' id='word_1_216' title='bbox 925 2687 1039 2762; x_wconf 89' lang='lat' dir='ltr'><strong>ipsum,</strong></span> <span class='ocrx_word' id='word_1_217' title='bbox 1060 2686 1129 2744; x_wconf 90' lang='lat' dir='ltr'><strong>sed</strong></span> <span class='ocrx_word' id='word_1_218' title='bbox 1144 2703 1228 2745; x_wconf 90' lang='lat' dir='ltr'><strong>mors</strong></span> <span class='ocrx_word' id='word_1_219' title='bbox 1247 2689 1381 2762; x_wconf 89' lang='lat' dir='ltr'><strong>ipsum</strong></span> 
     </span>
     <span class='ocr_line' id='line_1_28' title="bbox 260 2762 1381 2851; baseline 0 -19"><span class='ocrx_word' id='word_1_220' title='bbox 260 2775 445 2850; x_wconf 86' lang='lat' dir='ltr'><strong>preveniens</strong></span> <span class='ocrx_word' id='word_1_221' title='bbox 469 2762 680 2833; x_wconf 75' lang='lat' dir='ltr'><strong>desiderium‘</strong></span> <span class='ocrx_word' id='word_1_222' title='bbox 707 2776 880 2851; x_wconf 90' lang='lat' dir='ltr'><strong>utriusque,</strong></span> <span class='ocrx_word' id='word_1_223' title='bbox 904 2775 1021 2832; x_wconf 88' lang='lat' dir='ltr'><strong>scilicet</strong></span> <span class='ocrx_word' id='word_1_224' title='bbox 1044 2774 1149 2832; x_wconf 79' lang='lat' dir='ltr'><strong>dantis</strong></span> <span class='ocrx_word' id='word_1_225' title='bbox 1173 2779 1206 2833; x_wconf 91' lang='lat' dir='ltr'><strong>et</strong></span> <span class='ocrx_word' id='word_1_226' title='bbox 1228 2776 1381 2851; x_wconf 86' lang='lat' dir='ltr'><strong>accipien-</strong></span> 
     </span>
     <span class='ocr_line' id='line_1_29' title="bbox 260 2862 1380 2939; baseline 0 -18"><span class='ocrx_word' id='word_1_227' title='bbox 260 2863 313 2932; x_wconf 89' lang='lat' dir='ltr'><strong>tis,</strong></span> <span class='ocrx_word' id='word_1_228' title='bbox 347 2863 451 2922; x_wconf 88' lang='lat' dir='ltr'><strong>subito</strong></span> <span class='ocrx_word' id='word_1_229' title='bbox 485 2863 613 2922; x_wconf 89' lang='lat' dir='ltr'><strong>dirimit.</strong></span> <span class='ocrx_word' id='word_1_230' title='bbox 660 2862 757 2922; x_wconf 82' lang='lat' dir='ltr'><strong>Cuius</strong></span> <span class='ocrx_word' id='word_1_231' title='bbox 791 2881 917 2939; x_wconf 92' lang='lat' dir='ltr'><strong>corpus</strong></span> <span class='ocrx_word' id='word_1_232' title='bbox 951 2879 1024 2921; x_wconf 89' lang='lat' dir='ltr'><strong>cum</strong></span> <span class='ocrx_word' id='word_1_233' title='bbox 1058 2863 1380 2922; x_wconf 85' lang='lat' dir='ltr'><strong>Reinhersburnsnsis</strong></span> 
     </span>
     <span class='ocr_line' id='line_1_30' title="bbox 260 2945 1380 3028; baseline 0.001 -18"><span class='ocrx_word' id='word_1_234' title='bbox 260 2945 405 3010; x_wconf 83' lang='lat' dir='ltr'><strong>abbss²</strong></span> <span class='ocrx_word' id='word_1_235' title='bbox 427 2955 551 3028; x_wconf 87' lang='lat' dir='ltr'><strong>pararet</strong></span> <span class='ocrx_word' id='word_1_236' title='bbox 573 2969 682 3010; x_wconf 92' lang='lat' dir='ltr'><strong>secum</strong></span> <span class='ocrx_word' id='word_1_237' title='bbox 705 2956 865 3028; x_wconf 85' lang='lat' dir='ltr'><strong>asportare</strong></span> <span class='ocrx_word' id='word_1_238' title='bbox 888 2951 975 3010; x_wconf 89' lang='lat' dir='ltr'><strong>etin</strong></span> <span class='ocrx_word' id='word_1_239' title='bbox 999 2951 1182 3010; x_wconf 68' lang='lat' dir='ltr'><strong>mauseoloss</strong></span> <span class='ocrx_word' id='word_1_240' title='bbox 1203 2953 1380 3028; x_wconf 77' lang='lat' dir='ltr'><strong>progenito</strong></span> 
     </span>
     <span class='ocr_line' id='line_1_31' title="bbox 259 3032 1422 3118; baseline 0.002 -21"><span class='ocrx_word' id='word_1_241' title='bbox 259 3058 344 3097; x_wconf 90' lang='lat' dir='ltr'><strong>rum</strong></span> <span class='ocrx_word' id='word_1_242' title='bbox 366 3039 526 3110; x_wconf 82' lang='lat' dir='ltr'><strong>collocare,</strong></span> <span class='ocrx_word' id='word_1_243' title='bbox 550 3032 687 3115; x_wconf 80' lang='lat' dir='ltr'><strong>S[ophia]</strong></span> <span class='ocrx_word' id='word_1_244' title='bbox 703 3041 890 3116; x_wconf 83' lang='lat' dir='ltr'><strong>lantgravia,</strong></span> <span class='ocrx_word' id='word_1_245' title='bbox 914 3039 1056 3098; x_wconf 78' lang='lat' dir='ltr'><strong>defuncti</strong></span> <span class='ocrx_word' id='word_1_246' title='bbox 1071 3056 1198 3098; x_wconf 89' lang='lat' dir='ltr'><strong>consors</strong></span> <span class='ocrx_word' id='word_1_247' title='bbox 1217 3042 1422 3118; x_wconf 61' lang='lat' dir='ltr'><strong>principium</strong></span> 
     </span>
     <span class='ocr_line' id='line_1_32' title="bbox 258 3121 1380 3207; baseline 0.002 -19"><span class='ocrx_word' id='word_1_248' title='bbox 258 3131 361 3188; x_wconf 87' lang='lat' dir='ltr'><strong>vetuit</strong></span> <span class='ocrx_word' id='word_1_249' title='bbox 391 3125 427 3188; x_wconf 92' lang='lat' dir='ltr'><strong>et</strong></span> <span class='ocrx_word' id='word_1_250' title='bbox 456 3143 478 3189; x_wconf 79' lang='lat' dir='ltr'><strong>o</strong></span> <span class='ocrx_word' id='word_1_251' title='bbox 506 3123 590 3188; x_wconf 84' lang='lat' dir='ltr'><strong>ville</strong></span> <span class='ocrx_word' id='word_1_252' title='bbox 614 3121 716 3200; x_wconf 83' lang='lat' dir='ltr'><strong>Gote,</strong></span> <span class='ocrx_word' id='word_1_253' title='bbox 746 3123 784 3188; x_wconf 93' lang='lat' dir='ltr'><strong>in</strong></span> <span class='ocrx_word' id='word_1_254' title='bbox 807 3143 875 3206; x_wconf 85' lang='lat' dir='ltr'><strong>qus</strong></span> <span class='ocrx_word' id='word_1_255' title='bbox 901 3122 988 3186; x_wconf 90' lang='lat' dir='ltr'><strong>obiit</strong></span> <span class='ocrx_word' id='word_1_256' title='bbox 997 3121 1019 3200; x_wconf 79' lang='lat'><strong>⁸,</strong></span> <span class='ocrx_word' id='word_1_257' title='bbox 1050 3143 1173 3207; x_wconf 87' lang='lat' dir='ltr'><strong>eorpus</strong></span> <span class='ocrx_word' id='word_1_258' title='bbox 1196 3123 1380 3190; x_wconf 83' lang='lat' dir='ltr'><strong>Yscnsoho</strong></span> 
     </span>
    </p>
   </div>
   <div class='ocr_carea' id='block_1_3' title="bbox 257 3353 1423 3672">
    <p class='ocr_par' dir='ltr' id='par_1_3' title="bbox 257 3353 1379 3408">
     <span class='ocr_line' id='line_1_33' title="bbox 257 3353 1379 3408; baseline 0 -10"><span class='ocrx_word' id='word_1_259' title='bbox 257 3359 280 3406; x_wconf 86' lang='lat' dir='ltr'><strong>s)</strong></span> <span class='ocrx_word' id='word_1_260' title='bbox 293 3359 403 3398; x_wconf 71' lang='lat' dir='ltr'><strong>charitate</strong></span> <span class='ocrx_word' id='word_1_261' title='bbox 417 3359 436 3402; x_wconf 89' lang='lat'><strong>1.</strong></span> <span class='ocrx_word' id='word_1_262' title='bbox 489 3357 513 3404; x_wconf 86' lang='lat' dir='ltr'><strong>b)</strong></span> <span class='ocrx_word' id='word_1_263' title='bbox 527 3356 682 3397; x_wconf 76' lang='lat' dir='ltr'><strong>conservanda</strong></span> <span class='ocrx_word' id='word_1_264' title='bbox 697 3356 723 3398; x_wconf 69' lang='lat' dir='ltr'>R</span> <span class='ocrx_word' id='word_1_265' title='bbox 777 3357 798 3404; x_wconf 85' lang='lat' dir='ltr'><strong>e)</strong></span> <span class='ocrx_word' id='word_1_266' title='bbox 811 3355 946 3406; x_wconf 78' lang='lat' dir='ltr'><strong>spostslstul</strong></span> <span class='ocrx_word' id='word_1_267' title='bbox 961 3357 980 3398; x_wconf 89' lang='grc'><strong>1.</strong></span> <span class='ocrx_word' id='word_1_268' title='bbox 1024 3353 1049 3406; x_wconf 84' lang='grc'><strong>(1)</strong></span> <span class='ocrx_word' id='word_1_269' title='bbox 1062 3355 1180 3396; x_wconf 87' lang='lat' dir='ltr'><strong>Heinriens</strong></span> <span class='ocrx_word' id='word_1_270' title='bbox 1195 3359 1214 3408; x_wconf 84' lang='lat'><strong>1,</strong></span> <span class='ocrx_word' id='word_1_271' title='bbox 1229 3357 1287 3408; x_wconf 74' lang='lat' dir='ltr'><strong>quod</strong></span> <span class='ocrx_word' id='word_1_272' title='bbox 1300 3367 1329 3397; x_wconf 74' lang='lat' dir='ltr'><strong>ae</strong></span> <span class='ocrx_word' id='word_1_273' title='bbox 1341 3357 1379 3408; x_wconf 77' lang='lat' dir='ltr'><strong>fl..</strong></span> 
     </span>
    </p>

    <p class='ocr_par' dir='ltr' id='par_1_4' title="bbox 257 3409 1423 3672">
     <span class='ocr_line' id='line_1_34' title="bbox 258 3409 1381 3460; baseline 0.001 -10"><span class='ocrx_word' id='word_1_274' title='bbox 258 3415 281 3450; x_wconf 76' lang='lat' dir='ltr'><strong>st</strong></span> <span class='ocrx_word' id='word_1_275' title='bbox 294 3412 359 3452; x_wconf 84' lang='lat' dir='ltr'><strong>ssodo</strong></span> <span class='ocrx_word' id='word_1_276' title='bbox 372 3422 448 3452; x_wconf 82' lang='lat' dir='ltr'><strong>sesses</strong></span> <span class='ocrx_word' id='word_1_277' title='bbox 461 3411 580 3450; x_wconf 67' lang='lat' dir='ltr'><strong>sesama·</strong></span> <span class='ocrx_word' id='word_1_278' title='bbox 593 3414 631 3460; x_wconf 75' lang='lat' dir='ltr'><strong>sse,</strong></span> <span class='ocrx_word' id='word_1_279' title='bbox 645 3410 705 3458; x_wconf 77' lang='lat' dir='ltr'><strong>falso</strong></span> <span class='ocrx_word' id='word_1_280' title='bbox 718 3413 790 3449; x_wconf 68' lang='lat' dir='ltr'><strong>orm</strong></span> <span class='ocrx_word' id='word_1_281' title='bbox 804 3413 841 3452; x_wconf 81' lang='lat' dir='ltr'><strong>est.</strong></span> <span class='ocrx_word' id='word_1_282' title='bbox 907 3411 929 3456; x_wconf 85' lang='lat' dir='ltr'><strong>e)</strong></span> <span class='ocrx_word' id='word_1_283' title='bbox 941 3409 1115 3458; x_wconf 62' lang='lat' dir='ltr'><strong>uppuvtsxm</strong></span> <span class='ocrx_word' id='word_1_284' title='bbox 1130 3421 1172 3452; x_wconf 80' lang='lat' dir='ltr'><strong>oss.</strong></span> <span class='ocrx_word' id='word_1_285' title='bbox 1183 3411 1202 3453; x_wconf 92' lang='lat'><strong>1.</strong></span> <span class='ocrx_word' id='word_1_286' title='bbox 1269 3411 1332 3460; x_wconf 73' lang='lat' dir='ltr'><strong>oste</strong></span> <span class='ocrx_word' id='word_1_287' title='bbox 1345 3412 1381 3460; x_wconf 63' lang='lat' dir='ltr'><strong>R:</strong></span> 
     </span>
     <span class='ocr_line' id='line_1_35' title="bbox 258 3461 1380 3514; baseline 0.001 -11"><span class='ocrx_word' id='word_1_288' title='bbox 258 3464 436 3514; x_wconf 78' lang='lat' dir='ltr'><strong>desideriumque</strong></span> <span class='ocrx_word' id='word_1_289' title='bbox 450 3466 470 3506; x_wconf 90' lang='lat'><strong>1.</strong></span> <span class='ocrx_word' id='word_1_290' title='bbox 522 3462 545 3514; x_wconf 81' lang='lat' dir='ltr'><strong>g)</strong></span> <span class='ocrx_word' id='word_1_291' title='bbox 559 3463 672 3504; x_wconf 85' lang='lat' dir='ltr'><strong>msusoleo</strong></span> <span class='ocrx_word' id='word_1_292' title='bbox 685 3463 744 3510; x_wconf 76' lang='lat' dir='ltr'><strong>falec</strong></span> <span class='ocrx_word' id='word_1_293' title='bbox 762 3473 808 3512; x_wconf 75' lang='lat' dir='ltr'><strong>pro</strong></span> <span class='ocrx_word' id='word_1_294' title='bbox 822 3461 934 3502; x_wconf 74' lang='lat' dir='ltr'><strong>mauseolo</strong></span> <span class='ocrx_word' id='word_1_295' title='bbox 949 3464 968 3512; x_wconf 90' lang='lat'><strong>1,</strong></span> <span class='ocrx_word' id='word_1_296' title='bbox 983 3473 1035 3500; x_wconf 76' lang='lat' dir='ltr'><strong>scm</strong></span> <span class='ocrx_word' id='word_1_297' title='bbox 1049 3463 1184 3502; x_wconf 77' lang='lat' dir='ltr'><strong>mausoleum</strong></span> <span class='ocrx_word' id='word_1_298' title='bbox 1199 3464 1231 3502; x_wconf 80' lang='lat' dir='ltr'><strong>cel</strong></span> <span class='ocrx_word' id='word_1_299' title='bbox 1240 3465 1380 3504; x_wconf 75' lang='lat' dir='ltr'><strong>mausoleum</strong></span> 
     </span>
     <span class='ocr_line' id='line_1_36' title="bbox 257 3515 1423 3620; baseline 0.001 -12"><span class='ocrx_word' id='word_1_300' title='bbox 257 3517 642 3620; x_wconf 59' lang='lat' dir='ltr'><strong>‚³02⁹.“i“11i2i⁰l?t”·ttt‘l⁶</strong></span> <span class='ocrx_word' id='word_1_301' title='bbox 650 3515 937 3618; x_wconf 47' lang='lat' dir='ltr'><strong>&amp;tumim</strong></span> <span class='ocrx_word' id='word_1_302' title='bbox 947 3515 1380 3619; x_wconf 39' lang='lat' dir='ltr'><strong>miditatem&amp;</strong></span> <span class='ocrx_word' id='word_1_303' title='bbox 1389 3521 1423 3564; x_wconf 79' lang='lat'><strong>⁸⁶</strong></span> 
     </span>
     <span class='ocr_line' id='line_1_37' title="bbox 257 3621 998 3672; baseline -0.003 -10"><span class='ocrx_word' id='word_1_304' title='bbox 257 3621 475 3672; x_wconf 69' lang='lat' dir='ltr'><strong>Dsccspslisssselrsl</strong></span> <span class='ocrx_word' id='word_1_305' title='bbox 486 3632 506 3666; x_wconf 85' lang='lat' dir='ltr'><strong>s.</strong></span> <span class='ocrx_word' id='word_1_306' title='bbox 518 3633 538 3664; x_wconf 84' lang='lat' dir='ltr'><strong>e.</strong></span> <span class='ocrx_word' id='word_1_307' title='bbox 550 3621 695 3671; x_wconf 75' lang='lat' dir='ltr'><strong>mareolum,</strong></span> <span class='ocrx_word' id='word_1_308' title='bbox 709 3621 842 3672; x_wconf 78' lang='lat' dir='ltr'><strong>messenius,</strong></span> <span class='ocrx_word' id='word_1_309' title='bbox 855 3621 998 3665; x_wconf 83' lang='lat' dir='ltr'><strong>rnsnseolum.</strong></span> 
     </span>
    </p>
   </div>
   <div class='ocr_carea' id='block_1_4' title="bbox 251 3822 1424 4310">
    <p class='ocr_par' dir='ltr' id='par_1_5' title="bbox 251 3822 1424 4310">
     <span class='ocr_line' id='line_1_38' title="bbox 258 3822 1378 3892; baseline 0.002 -16"><span class='ocrx_word' id='word_1_310' title='bbox 258 3825 285 3892; x_wconf 93' lang='lat' dir='ltr'><strong>l)</strong></span> <span class='ocrx_word' id='word_1_311' title='bbox 305 3823 364 3876; x_wconf 82' lang='lat' dir='ltr'><strong>Hoc</strong></span> <span class='ocrx_word' id='word_1_312' title='bbox 382 3823 434 3876; x_wconf 84' lang='lat' dir='ltr'><strong>loco</strong></span> <span class='ocrx_word' id='word_1_313' title='bbox 451 3827 538 3874; x_wconf 64' lang='lat' dir='ltr'><strong>umisa</strong></span> <span class='ocrx_word' id='word_1_314' title='bbox 549 3822 634 3886; x_wconf 77' lang='lat' dir='ltr'><strong>fontis</strong></span> <span class='ocrx_word' id='word_1_315' title='bbox 645 3823 741 3876; x_wconf 71' lang='lat' dir='ltr'><strong>culices</strong></span> <span class='ocrx_word' id='word_1_316' title='bbox 758 3828 879 3876; x_wconf 65' lang='lat' dir='ltr'><strong>sermm</strong></span> <span class='ocrx_word' id='word_1_317' title='bbox 896 3830 933 3876; x_wconf 78' lang='lat' dir='ltr'><strong>est</strong></span> <span class='ocrx_word' id='word_1_318' title='bbox 944 3839 1026 3891; x_wconf 76' lang='lat' dir='ltr'><strong>quom</strong></span> <span class='ocrx_word' id='word_1_319' title='bbox 1044 3825 1074 3876; x_wconf 76' lang='lat' dir='ltr'><strong>in</strong></span> <span class='ocrx_word' id='word_1_320' title='bbox 1087 3824 1166 3880; x_wconf 75' lang='lat' dir='ltr'><strong>Oros.</strong></span> <span class='ocrx_word' id='word_1_321' title='bbox 1179 3825 1378 3883; x_wconf 75' lang='lat' dir='ltr'><strong>Reintardstr.</strong></span> 
     </span>
     <span class='ocr_line' id='line_1_39' title="bbox 251 3893 1379 3967; baseline 0 -17"><span class='ocrx_word' id='word_1_322' title='bbox 251 3911 282 3962; x_wconf 77' lang='lat' dir='ltr'><strong>p.</strong></span> <span class='ocrx_word' id='word_1_323' title='bbox 296 3896 358 3960; x_wconf 75' lang='lat'><strong>588,</strong></span> <span class='ocrx_word' id='word_1_324' title='bbox 379 3893 397 3948; x_wconf 90' lang='lat' dir='ltr'><strong>l.</strong></span> <span class='ocrx_word' id='word_1_325' title='bbox 409 3894 445 3948; x_wconf 85' lang='grc'><strong>22</strong></span> <span class='ocrx_word' id='word_1_326' title='bbox 456 3907 504 3958; x_wconf 70' lang='lat' dir='ltr'><strong>sp,</strong></span> <span class='ocrx_word' id='word_1_327' title='bbox 526 3893 596 3958; x_wconf 78' lang='lat' dir='ltr'><strong>quod</strong></span> <span class='ocrx_word' id='word_1_328' title='bbox 619 3895 750 3958; x_wconf 76' lang='lat' dir='ltr'><strong>eopsososis</strong></span> <span class='ocrx_word' id='word_1_329' title='bbox 775 3909 809 3946; x_wconf 75' lang='lat' dir='ltr'><strong>es·</strong></span> <span class='ocrx_word' id='word_1_330' title='bbox 825 3893 957 3946; x_wconf 78' lang='lat' dir='ltr'><strong>clausulis</strong></span> <span class='ocrx_word' id='word_1_331' title='bbox 973 3897 1094 3947; x_wconf 73' lang='lat' dir='ltr'><strong>monis</strong></span> <span class='ocrx_word' id='word_1_332' title='bbox 1110 3899 1302 3949; x_wconf 65' lang='lat' dir='ltr'><strong>emiorum</strong></span> <span class='ocrx_word' id='word_1_333' title='bbox 1321 3897 1379 3967; x_wconf 89' lang='lat' dir='ltr'><strong>(oc-</strong></span> 
     </span>
     <span class='ocr_line' id='line_1_40' title="bbox 257 3959 1424 4034; baseline 0.002 -16"><span class='ocrx_word' id='word_1_334' title='bbox 257 3967 364 4018; x_wconf 81' lang='lat' dir='ltr'><strong>currat:</strong></span> <span class='ocrx_word' id='word_1_335' title='bbox 384 3959 526 4029; x_wconf 79' lang='lat' dir='ltr'><strong>ambiget).</strong></span> <span class='ocrx_word' id='word_1_336' title='bbox 574 3963 602 4028; x_wconf 90' lang='grc'><strong>2)</strong></span> <span class='ocrx_word' id='word_1_337' title='bbox 614 3963 797 4029; x_wconf 62' lang='lat' dir='ltr'><strong>&amp;tetardus</strong></span> <span class='ocrx_word' id='word_1_338' title='bbox 816 3966 847 4016; x_wconf 78' lang='lat' dir='ltr'><strong>is</strong></span> <span class='ocrx_word' id='word_1_339' title='bbox 859 3963 940 4018; x_wconf 74' lang='lat' dir='ltr'><strong>Oros.</strong></span> <span class='ocrx_word' id='word_1_340' title='bbox 952 3963 1146 4022; x_wconf 72' lang='lat' dir='ltr'><strong>Rsintosdstr.</strong></span> <span class='ocrx_word' id='word_1_341' title='bbox 1160 3983 1190 4034; x_wconf 80' lang='lat' dir='ltr'><strong>p.</strong></span> <span class='ocrx_word' id='word_1_342' title='bbox 1203 3969 1265 4024; x_wconf 78' lang='lat'><strong>588.</strong></span> <span class='ocrx_word' id='word_1_343' title='bbox 1281 3968 1378 4024; x_wconf 71' lang='lat' dir='ltr'><strong>dictus</strong></span> <span class='ocrx_word' id='word_1_344' title='bbox 1388 3987 1424 4026; x_wconf 77' lang='lat' dir='ltr'><strong>sc</strong></span> 
     </span>
     <span class='ocr_line' id='line_1_41' title="bbox 256 4028 1379 4104; baseline 0.005 -16"><span class='ocrx_word' id='word_1_345' title='bbox 256 4035 285 4098; x_wconf 80' lang='grc' dir='ltr'><strong>Β)</strong></span> <span class='ocrx_word' id='word_1_346' title='bbox 304 4051 321 4086; x_wconf 82' lang='lat' dir='ltr'><strong>s</strong></span> <span class='ocrx_word' id='word_1_347' title='bbox 338 4032 405 4086; x_wconf 81' lang='lat' dir='ltr'><strong>ville</strong></span> <span class='ocrx_word' id='word_1_348' title='bbox 424 4059 457 4070; x_wconf 94' lang='lat'>—</span> <span class='ocrx_word' id='word_1_349' title='bbox 476 4028 546 4083; x_wconf 87' lang='lat' dir='ltr'><strong>obiit</strong></span> <span class='ocrx_word' id='word_1_350' title='bbox 564 4047 617 4084; x_wconf 76' lang='lat' dir='ltr'><strong>noe</strong></span> <span class='ocrx_word' id='word_1_351' title='bbox 634 4049 665 4086; x_wconf 74' lang='lat' dir='ltr'><strong>eo</strong></span> <span class='ocrx_word' id='word_1_352' title='bbox 684 4033 755 4088; x_wconf 80' lang='lat' dir='ltr'><strong>Hist.</strong></span> <span class='ocrx_word' id='word_1_353' title='bbox 768 4033 974 4098; x_wconf 71' lang='lat' dir='ltr'><strong>Beiatardsbr,</strong></span> <span class='ocrx_word' id='word_1_354' title='bbox 993 4049 1061 4100; x_wconf 79' lang='lat' dir='ltr'><strong>quas</strong></span> <span class='ocrx_word' id='word_1_355' title='bbox 1077 4051 1159 4104; x_wconf 72' lang='lat' dir='ltr'><strong>neque</strong></span> <span class='ocrx_word' id='word_1_356' title='bbox 1177 4040 1207 4091; x_wconf 81' lang='lat' dir='ltr'><strong>iss</strong></span> <span class='ocrx_word' id='word_1_357' title='bbox 1222 4039 1286 4090; x_wconf 74' lang='lat' dir='ltr'><strong>Vsa</strong></span> <span class='ocrx_word' id='word_1_358' title='bbox 1304 4039 1379 4096; x_wconf 72' lang='lat' dir='ltr'><strong>laed.</strong></span> 
     </span>
     <span class='ocr_line' id='line_1_42' title="bbox 256 4101 1378 4179; baseline 0.007 -23"><span class='ocrx_word' id='word_1_359' title='bbox 256 4103 336 4170; x_wconf 83' lang='lat'><strong>11,1,</strong></span> <span class='ocrx_word' id='word_1_360' title='bbox 356 4103 394 4158; x_wconf 82' lang='lat' dir='ltr'><strong>sd.</strong></span> <span class='ocrx_word' id='word_1_361' title='bbox 415 4102 451 4156; x_wconf 82' lang='lat' dir='ltr'><strong>H.</strong></span> <span class='ocrx_word' id='word_1_362' title='bbox 465 4101 581 4154; x_wconf 64' lang='lat' dir='ltr'><strong>licem</strong></span> <span class='ocrx_word' id='word_1_363' title='bbox 596 4105 681 4179; x_wconf 56' lang='lat'><strong>&amp;¹⁵2</strong></span> <span class='ocrx_word' id='word_1_364' title='bbox 700 4104 833 4172; x_wconf 65' lang='lat' dir='ltr'><strong>legantur,</strong></span> <span class='ocrx_word' id='word_1_365' title='bbox 858 4103 903 4155; x_wconf 84' lang='lat' dir='ltr'><strong>red</strong></span> <span class='ocrx_word' id='word_1_366' title='bbox 926 4120 961 4157; x_wconf 74' lang='lat' dir='ltr'><strong>so</strong></span> <span class='ocrx_word' id='word_1_367' title='bbox 978 4103 1062 4157; x_wconf 79' lang='lat' dir='ltr'><strong>altero</strong></span> <span class='ocrx_word' id='word_1_368' title='bbox 1079 4107 1153 4168; x_wconf 79' lang='lat' dir='ltr'><strong>fonte</strong></span> <span class='ocrx_word' id='word_1_369' title='bbox 1178 4115 1286 4178; x_wconf 68' lang='lat' dir='ltr'><strong>nampio</strong></span> <span class='ocrx_word' id='word_1_370' title='bbox 1303 4119 1378 4168; x_wconf 77' lang='lat' dir='ltr'><strong>aust.</strong></span> 
     </span>
     <span class='ocr_line' id='line_1_43' title="bbox 257 4171 1379 4245; baseline 0.011 -21"><span class='ocrx_word' id='word_1_371' title='bbox 257 4173 300 4238; x_wconf 75' lang='lat' dir='ltr'><strong>Of.</strong></span> <span class='ocrx_word' id='word_1_372' title='bbox 313 4173 384 4228; x_wconf 79' lang='lat' dir='ltr'><strong>Hist.</strong></span> <span class='ocrx_word' id='word_1_373' title='bbox 403 4172 443 4226; x_wconf 82' lang='lat' dir='ltr'><strong>tr.</strong></span> <span class='ocrx_word' id='word_1_374' title='bbox 503 4173 548 4225; x_wconf 76' lang='lat' dir='ltr'><strong>&#39;sc</strong></span> <span class='ocrx_word' id='word_1_375' title='bbox 565 4171 651 4226; x_wconf 74' lang='lat' dir='ltr'><strong>Thur.</strong></span> <span class='ocrx_word' id='word_1_376' title='bbox 669 4187 690 4226; x_wconf 82' lang='lat' dir='ltr'><strong>c.</strong></span> <span class='ocrx_word' id='word_1_377' title='bbox 703 4174 746 4238; x_wconf 84' lang='grc'><strong>12,</strong></span> <span class='ocrx_word' id='word_1_378' title='bbox 764 4174 813 4229; x_wconf 83' lang='lat' dir='ltr'><strong>SS.</strong></span> <span class='ocrx_word' id='word_1_379' title='bbox 825 4173 936 4239; x_wconf 85' lang='lat' dir='ltr'><strong>XXIV,</strong></span> <span class='ocrx_word' id='word_1_380' title='bbox 949 4190 980 4240; x_wconf 79' lang='lat' dir='ltr'><strong>p.</strong></span> <span class='ocrx_word' id='word_1_381' title='bbox 992 4176 1060 4230; x_wconf 75' lang='lat'><strong>822:</strong></span> <span class='ocrx_word' id='word_1_382' title='bbox 1079 4176 1127 4242; x_wconf 87' lang='lat' dir='ltr'><strong>qui</strong></span> <span class='ocrx_word' id='word_1_383' title='bbox 1143 4181 1240 4245; x_wconf 85' lang='lat' dir='ltr'><strong>postea</strong></span> <span class='ocrx_word' id='word_1_384' title='bbox 1257 4177 1286 4232; x_wconf 88' lang='lat' dir='ltr'><strong>in</strong></span> <span class='ocrx_word' id='word_1_385' title='bbox 1302 4179 1379 4236; x_wconf 84' lang='lat' dir='ltr'><strong>Gots</strong></span> 
     </span>
     <span class='ocr_line' id='line_1_44' title="bbox 256 4239 806 4310; baseline 0.002 -14"><span class='ocrx_word' id='word_1_386' title='bbox 256 4241 399 4310; x_wconf 84' lang='lat' dir='ltr'><strong>decedens,</strong></span> <span class='ocrx_word' id='word_1_387' title='bbox 419 4241 448 4294; x_wconf 92' lang='lat' dir='ltr'><strong>in</strong></span> <span class='ocrx_word' id='word_1_388' title='bbox 482 4239 597 4294; x_wconf 82' lang='lat' dir='ltr'><strong>sensche</strong></span> <span class='ocrx_word' id='word_1_389' title='bbox 619 4242 741 4310; x_wconf 84' lang='lat' dir='ltr'><strong>sepultus</strong></span> <span class='ocrx_word' id='word_1_390' title='bbox 759 4246 806 4298; x_wconf 83' lang='lat' dir='ltr'><strong>est.</strong></span> 
     </span>
    </p>
   </div>
   <div class='ocr_carea' id='block_1_5' title="bbox 0 0 1616 4850">
    <p class='ocr_par' dir='ltr' id='par_1_6' title="bbox 0 0 1616 4850">
     <span class='ocr_line' id='line_1_45' title="bbox 0 0 1616 4850; baseline 0 2"><span class='ocrx_word' id='word_1_391' title='bbox 0 0 1616 4850; x_wconf 95' lang='lat' dir='ltr'><strong> </strong></span> 
     </span>
    </p>
   </div>
  </div>
 </body>
</html>
