3200 4844
302 377 330 434 S.
343 377 461 433 PETRI
478 376 742 432 DRPHESFURT.
763 374 1027 432 OONTINUATIO
1046 371 1191 430 EKKDH.
1272 375 1308 430 43

293 562 428 634 Ventus
440 561 762 626 vehementissimus
782 563 818 625 et
834 563 977 624 actenus
989 559 1187 640 incognitus
1204 577 1308 621 naves
1319 564 1395 618 1135.

186 651 314 716 multas
331 651 525 726 submersit,
547 650 683 714 edificia
698 649 849 734 plurima
864 648 1043 725 destruxit,
1066 647 1204 711 arbores
1219 647 1308 710 fruc·

185 745 305 805 tuosas
343 744 447 822 atque
478 739 651 804 silvestres
680 740 879 803 innumeras
910 738 1044 812 deiecit,
1076 737 1127 800 ita
1156 740 1197 799 ut
1226 734 1304 798 vix²

58 839 61 844 '
185 830 321 895 decima
344 850 424 914 pars
447 829 663 911 quarundam
684 828 905 892 remansisset
928 826 1101 890 silvarum.

155 969 167 1008 ⁵
220 963 289 1020 XII.
309 963 381 1020 1111.
449 953 551 1016 Anno
586 953 727 1016 Domini
761 949 1010 1016 MOXXXV10.
1069 943 1303 1034 Imperatoreb
1318 974 1408 1018 nass.

186 1043 427 1106 nativitateme
457 1042 598 1105 Domini
625 1041 663 1104 in
686 1041 787 1125 Spira
817 1041 958 1104 civitate
989 1039 1186 1104 celebrante
1215 1040 1308 1102 visus

186 1134 239 1196 est
263 1131 315 1194 sol
338 1132 376 1194 in
391 1131 511 1214 vigilia
536 1131 741 1214 epiphaniae
762 1129 912 1206 Domini,
932 1127 1038 1192 nullis
1062 1119 1397 1212 apparentibusllssss-

85 1239 176 1288 ·r.sn.
185 1220 347 1295 nubibus,
373 1221 470 1302 quasi
501 1240 542 1285 ex
572 1223 670 1303 parte
694 1221 895 1304 proruptus;
932 1217 991 1282 sed
1022 1221 1058 1281 et
1086 1217 1123 1279 in
1148 1189 1396 1281 'diversis¹⁰'⁸'⁵'

185 1313 358 1374 terrarum
382 1309 467 1373 locis
490 1309 559 1372 alia
582 1330 652 1372 non
669 1308 779 1372 multo
796 1311 874 1392 post
890 1308 1125 1390 apparuerunt
1141 1305 1308 1389 prodigia.

153 1398 292 1483 roLapis
321 1419 412 1461 unus
443 1398 681 1482 magnitudine
712 1392 876 1460 humanid
911 1396 1033 1480 capitis
1063 1395 1161 1457 iuxta
1195 1394 1309 1458 locum

187 1486 441 1564 Altasleibon0,
473 1488 509 1550 in
540 1508 607 1569 quo
632 1489 829 1551 constructa
859 1489 911 1550 est
935 1485 1085 1561 abbatia,
1118 1483 1244 1548 cecidit
1267 1483 1309 1546 de

188 1576 340 1641 nubibus
351 1575 371 1652 ¹,
403 1576 463 1659 qui
486 1580 521 1641 et
543 1576 670 1641 ibidem
703 1575 890 1659 diligenter
913 1573 1173 1638 custodiebatur
1201 1593 1221 1635 a
1244 1572 1310 1635 fra·

187 1665 310 1729 tribus.
358 1665 424 1729 Per
458 1666 550 1729 idem
584 1668 721 1749 tempus
755 1665 962 1748 imperatore
997 1664 1034 1726 in
1064 1663 1206 1727 civitate
1230 1660 1309 1740 Qui·

186 1754 396 1838 tilingibnrg
435 1755 603 1819 existente
637 1755 748 1818 visum
788 1761 841 1818 est
879 1753 1026 1836 desuper
1061 1752 1237 1816 civitatem
1271 1750 1309 1813 in
1317 1767 1461 1816 (uaso-122¹.)

150 1862 176 1901 1⁵
186 1864 266 1908 aere
283 1843 456 1927 quoddam
472 1843 508 1906 in
525 1844 664 1907 modurn
681 1843 794 1907 scalae
809 1841 1031 1917 transvolare,
1054 1841 1153 1905 niveo
1170 1839 1306 1922 quidem

186 1953 339 2016 corpore,
364 1932 425 1996 sed
447 1932 553 1997 rubro
575 1932 719 1996 rutilare
743 1931 867 2015 capite.
912 1930 1046 1995 Tastati
1069 1933 1150 1993 sunt
1174 1949 1309 2012 qnoque

185 2042 258 2085 non
281 2022 385 2105 pauci
408 2021 526 2086 eodem
543 2025 698 2104 tempore
721 2021 898 2086 sevidisse
922 2019 1020 2102 quasi
1043 2039 1178 2083 crucem
1202 2016 1309 2082 rubeo

188 2110 303 2176 colore
328 2130 503 2174 coruscam
527 2111 569 2174 de
594 2109 689 2175 caelo
720 2109 763 2173 ad
792 2112 903 2173 terras
934 2108 1150 2174 descendisse
1180 2112 1216 2172 et
1239 2128 1305 2170 non

84 2219 177 2266 'nna
188 2198 311 2283 procul
336 2199 376 2262 'a
398 2202 491 2263 terra
515 2199 729 2282 aliquamdiu
751 2199 788 2261 in
811 2219 888 2263 aere
912 2198 1130 2282 pependisse,
1156 2197 1217 2260 sed
1239 2217 1308 2258 rur-

149 2308 245 2352 aosus
270 2288 314 2351 ad
332 2288 444 2352 caelos
459 2291 645 2364 remeante,
668 2292 770 2351 tanta
793 2287 880 2352 lucis
904 2307 962 2351 aer
977 2285 1193 2370 resplenduit
1214 2285 1308 2349 clari·

185 2379 271 2454 tate,
296 2380 338 2440 ut
360 2376 478 2441 nullus
499 2377 712 2441 intuentium
742 2377 787 2440 ad
805 2377 906 2440 banc
929 2375 1202 2459 perspiciendam
1225 2377 1308 2438 tam-

186 2486 291 2548 quam
315 2459 419 2530 solis‘
446 2469 567 2530 contra
589 2466 726 2529 radium
748 2465 861 2530 visum
891 2464 1085 2550 prevaleret
1108 2463 1307 2528 obtendere.

295 2562 474 2648 Lirpoldus
497 2564 673 2628 marchi0²
695 2565 732 2626 in
755 2563 937 2628 venatione
961 2562 1140 2627 occiditur.
1317 2589 1432 2638 (sais).

295 2661 489 2745 Imperator
518 2662 555 2725 in
585 2661 725 2724 Italiam
756 2662 906 2726 secundo
929 2659 1180 2744 proficiscitur⁸
1202 2663 1238 2724 et
1262 2659 1307 2723 di·
1317 2679 1394 2728 (snt.)

150 2751 268 2814 arina
308 2771 422 2816 rerum
464 2749 614 2815 mirabili
656 2751 884 2835 prosperitate
927 2751 1040 2813 fretus
1078 2749 1191 2832 gratia
1230 2769 1307 2814 cum

186 2839 307 2923 paucis
322 2859 604 2923 ¹quaquaversum
633 2839 744 2903 victor
766 2838 995 2923 progreditur.
1041 2837 1206 2923 Apuliam
1229 2859 1308 2922 quo·

186 2949 263 3011 que,
306 2949 409 3011 quam
443 2929 625 3012 Ruggerus
660 2927 852 2993 Siculorum
889 2928 959 2991 dux
993 2928 1087 3012 prins
1124 2931 1306 3004 invaserat,
1319 2931 1396 2986 1137.

187 3017 291 3081 armis
304 3018 397 3101 cepit
408 3036 551 3099 eamque
563 3017 631 3079 iuri
647 3017 736 3081 sedis
753 3016 961 3101 apostolicae
978 3017 1140 3082 restituit.
1181 3017 1225 3080 In
1240 3038 1308 3100 qua

187 3107 408 3190 expeditione
431 3105 527 3169 Brun
552 3105 765 3171 Coloniensis
796 3107 1073 3190 archiepiscopus
1103 3107 1249 3170 moritur
1272 3108 1436 3176 etrnasss).

152 3195 281 3279 scapud
305 3195 434 3258 Barum
456 3193 605 3279 Apuliae
629 3193 804 3260 civitatem
828 3195 1004 3279 sepelitur.

222 3329 308 3385 XIII.
326 3329 363 3388 V.
403 3321 505 3383 Anno
518 3319 659 3383 Domini
670 3317 938 3383 MOXXXVH0.
970 3319 1179 3384 Adelbertus
1196 3319 1308 3384 senior
1316 3339 1376 3386 (run.
1385 3339 1427 3390 ss).

187 3407 414 3492 Mogontinus
444 3408 721 3492 archiepiscopus
751 3408 873 3485 obiit³;
910 3429 971 3492 pro
1001 3429 1068 3491 quo
1097 3407 1307 3473 Adelbertus
1483 3443 1485 3450 ·

187 3496 357 3580 patruelis
373 3497 536 3572 eiusdem,
554 3497 861 3582 Drphesfurdensis
885 3497 1079 3582 prepositus
1088 3496 1110 3574 ⁴,
1135 3499 1214 3582 post
1237 3484 1395 3560 lon-113⁸·

187 3607 248 3669 gas
272 3585 356 3650 cleri
380 3606 420 3649 ac
443 3586 564 3670 populi
587 3586 814 3651 dissensiones
838 3586 1072 3650 constituitur.
1316 3554 1436 3603 (mm

148 3713 176 3754 a
294 3692 544 3757 Monasterium
560 3693 673 3757 sancti
683 3692 828 3757 Martini
843 3693 881 3756 in
891 3692 1073 3778 Mogontia
1089 3713 1166 3758 cum
1182 3699 1395 3778 magnalltv,

185 3785 286 3866 parte
311 3781 464 3847 eiusdem
488 3781 638 3846 civitatis
661 3783 741 3866 igne
765 3785 947 3847 crematur.

185 3975 208 4021 a)
222 3983 275 4023 pars
290 3973 335 4011 lam
350 3972 394 4015 az.
409 3973 468 4022 aad„
483 3975 520 4014 aad
533 3974 573 4016 dat.
588 3985 604 4016 c.
659 3971 682 4024 b)
696 3969 804 4018 Mthsrio
818 3974 871 4023 Imp.
884 3973 917 4022 E,·
931 3975 986 4024 Imp.
1000 3975 1108 4014 Lothsrlo
1122 3976 1148 4014 P.

185 4025 210 4120 ἓ)
226 4037 278 4122 ἵει).
298 4027 396 4066 homlnls
410 4027 441 4075 P,·
463 4037 511 4076 cap.
530 4028 594 4066 unlus
614 4027 709 4067 hominis
722 4027 748 4071 Ε.
816 4029 837 4077 a)
853 4027 990 4068 Oltsslelbon
1003 4029 1029 4071 E,
1043 4029 1068 4071 P.
1135 4029 1193 4079 {loo

1204 3977 1223 4024 c)
1238 3973 1278 4016 nai
1292 3986 1309 4017 c.

1194 4033 1244 4068 ntra
1257 4029 1308 4069 solis

148 4239 176 4278 so
187 4223 213 4289 1)
232 4223 276 4288 Os.
297 4221 397 4275 canon.
423 4222 585 4278 Wissebrad.
600 4225 678 4290 1135,
698 4223 745 4278 SS.
759 4223 812 4289 IX,
826 4240 856 4290 p.
872 4227 920 4279 141
941 4241 980 4292 sq.
1050 4227 1078 4291 2)
1098 4225 1152 4278 III.
1171 4227 1307 4280 Arabiae.

183 4295 269 4430 {gg
280 4294 391 4433 {sabb}
402 4293 478 4346 Pari
489 4301 553 4360 ant,
572 4311 658 4361 supra
671 4312 701 4362 p.
717 4297 748 4350 17
752 4337 758 4349 .
830 4297 859 4362 4)
877 4297 919 4360 Cf.
929 4296 994 4351 ibid.
1004 4313 1030 4350 a.
1039 4299 1124 4388 1I383
1144 4297 1183 4348 ‘N
1183 4338 1188 4351 .
1199 4296 1307 4350 Archiv?
