3240 4858
289 336 457 394 ORONIOA
470 336 498 393 S.
509 335 624 392 PETRI
636 335 899 393 ERFORDENSIS
910 337 1001 395 MOD.
1027 339 1063 395 A.
1078 342 1155 396 1322.
1246 341 1297 394 351

289 523 391 586 Anno
411 520 552 586 Domini
575 519 819 585 MOOOXXH.
842 521 951 586 feria²
971 523 1122 586 secunda
1145 525 1223 606 post
1238 501 1406 610 bii-{2352}

185 603 406 676 sericordiasb
434 609 584 687 Domini,
610 611 692 674 dum
722 609 760 673 in
789 611 910 674 eadem
934 611 989 675 die
1013 611 1186 676 dominica
1208 611 1299 676 dedi·

184 701 277 766 cacio
300 700 426 764 fuisset
447 699 716 774 Predicatomm,
741 698 844 763 ludus
867 703 939 763 est⁰
966 700 1082 764 factus
1105 701 1197 783 apud
1220 700 1300 764 Yse·

183 791 274 854 nach
302 789 339 852 in
370 791 446 853 orto
475 789 628 852 ferarum
658 808 679 851 a
705 782 860 852 clericis‘l
887 792 923 853 et
946 809 967 852 a
989 789 1178 853 scolaribus
1201 789 1244 854 de
1268 789 1301 852 X

162 879 391 962 uvirginibus;
417 876 473 942 oui
496 877 580 941 ludo
596 877 748 941 marchio
771 880 876 941 tuno⁰
897 877 1065 942 intererat
1076 878 1096 939 1.
1134 878 1202 942 Ubi
1218 877 1299 941 dum

185 968 335 1052 quinque
350 967 500 1051 virgines
523 966 621 1030 fatue
645 965 803 1050 precibus
826 966 927 1031 beate
949 960 1113 1051 virginisf
1132 967 1242 1031 Mario
1266 969 1301 1030 et

185 1057 338 1120 omnium
369 1059 566 1120 sanctorum
596 1075 664 1118 non
693 1057 833 1138 possent
855 1056 1005 1138 graciam
1029 1056 1192 1130 invenire,
1217 1075 1301 1119 mar·

186 1147 264 1210 chio
287 1146 396 1208 iratus
419 1143 612 1220 recedebat,
638 1143 785 1208 dicens:
813 1142 898 1222 ‘Quo
916 1147 969 1209 est
992 1145 1076 1209 fides
1094 1143 1300 1220 Christiana,
1312 1168 1341 1216 a.
1350 1167 1402 1208 aa.

188 1235 215 1299 si
232 1235 393 1320 peccator
408 1232 567 1318 precibus
584 1232 684 1296 beate
700 1232 810 1297 Mario
822 1233 888 1297 Dei
905 1233 1082 1317 genitricis
1098 1237 1134 1298 et
1149 1233 1303 1298 omnium

152 1349 178 1386 ro
187 1327 384 1389 sanctorum
407 1342 476 1385 non
500 1320 603 1386 debet
626 1321 761 1385 veniam
784 1321 978 1387 obtinerei'
1019 1322 1065 1385 Et
1088 1323 1135 1386 sic
1158 1323 1300 1386 furensg

187 1433 302 1478 secum
327 1432 387 1496 per
402 1411 553 1494 quinque
577 1410 659 1485 dies,
684 1410 805 1493 quinto
821 1411 887 1488 die,
911 1411 948 1474 id
972 1415 1025 1475 est
1047 1411 1177 1488 sabato,
1203 1430 1407 1476 munerator

187 1502 297 1586 primo
313 1500 400 1564 dicit
416 1499 697 1564 marchionisse2:
724 1499 842 1582 ‘Surge
866 1503 902 1564 et
924 1500 981 1564 fac
1001 1520 1095 1565 escas
1111 1519 1302 1585 preparare,

187 1589 422 1654 ieiunantibus
444 1589 564 1673 pisces,
588 1609 658 1651 non
674 1587 909 1653 ieiunantibus
924 1609 1004 1653 vero
1028 1609 1156 1663 carnes,
1180 1589 1304 1671 facque

189 1680 401 1744 sacerdotem
431 1697 486 1742 me
513 1680 693 1761 expectare
717 1698 796 1741 cum
819 1678 931 1742 missa.
977 1677 1066 1741 Nam
1091 1681 1227 1762 oportet
1250 1697 1304 1742 me

153 1791 180 1831 rs
189 1767 362 1853 paulisper
384 1766 596 1849 requiescere
620 1769 655 1830 et
679 1765 848 1830 dormire'.
890 1766 939 1829 At
961 1766 1024 1830 illa
1046 1787 1190 1851 surgens
1212 1766 1304 1848 quod

189 1858 318 1921 iussum
342 1857 458 1921 fuerat
482 1854 694 1939 adimplevit.
741 1855 838 1918 Hora
860 1876 941 1920 vero
963 1854 1025 1918 VI.
1055 1856 1190 1920 rediens
1220 1856 1305 1920 exci-

189 1947 278 2010 tavit
308 1966 396 2022 eum,
428 1944 561 2009 dicens:
594 1937 764 2028 ‘Surgiteh
794 1944 968 2020 velociter,
998 1945 1068 2008 iam
1099 1945 1190 2009 enim
1222 1946 1306 2008 hora

191 2035 357 2120 preteriit,
383 2037 418 2098 et
441 2033 589 2118 populus
611 2053 672 2096 vos
696 2032 877 2118 expectat’.
913 2033 1043 2098 Atilio
1066 2033 1184 2098 oculos
1207 2053 1306 2116 appe·

190 2125 281 2188 riens
300 2123 394 2206 loqui
410 2143 480 2186 non
496 2123 642 2206 poterat.
676 2121 766 2185 Nam
782 2122 901 2186 morbo
925 2121 1104 2206 apoplexie
1127 2141 1306 2206 percussus

156 2213 373 2278 „semivivus
396 2211 513 2288 iacuit,
539 2211 725 2294 eademque
755 2231 817 2294 per
838 2214 909 2276 tres
935 2231 1043 2276 annos
1067 2215 1102 2276 et
1126 2210 1307 2274 dimidium

192 2303 228 2365 in
257 2293 493 2376 infirmitate¹‚
519 2319 621 2382 quam
652 2299 838 2363 maximum
868 2299 1019 2364 dolorem
1051 2320 1111 2364 sue
1144 2319 1307 2383 generose

89 2415 182 2467 *aa
192 2390 395 2467 conthorali,
419 2389 534 2472 'quem
558 2388 742 2472 gemitibus
766 2410 805 2453 ac
824 2389 963 2453 fletibus
983 2389 1182 2454 cottidianis
1205 2388 1307 2473 expli·

193 2479 274 2556 cuit,
297 2479 438 2555 faciens,
459 2477 629 2541 laboravit
637 2473 661 2539 *.
692 2478 847 2542 Audiens
862 2478 979 2560 itaque
995 2477 1179 2542 Heinricus
1196 2496 1308 2541 comes

193 2569 234 2632 de
274 2567 490 2631 Swarczburo
525 2565 680 2629 ululatus
714 2567 959 2631 marchionisse
994 2566 1160 2641 insolitos,
1195 2566 1308 2630 verbis

157 2656 430 2721 aconsolatoriis
465 2674 541 2720 eam
575 2656 735 2719 adeundo
769 2655 967 2738 alloquitur,
998 2675 1059 2738 per
1094 2655 1308 2736 eundemque

195 2746 332 2810 domino
355 2744 600 2809 marchionisse
623 2748 659 2808 et
682 2738 857 2808 eiusdemi
879 2743 974 2808 filio⁸
996 2765 1017 2807 a
1040 2744 1171 2808 civibus
1194 2747 1231 2808 et
1253 2743 1309 2806 ad·

307 2951 322 2984 ss
758 2955 764 2967 '
1193 2971 1199 2982 ι

324 2953 335 3024 )
352 2953 809 3105 ῗίήόῖοῗᾙῖἭυῖῗὴἭ
826 2952 1180 3076 fflrifflmffiffl
1189 2952 1310 3075 ’111ῗοῖἳὲ

354 3093 551 3148 Mrsnensrs
580 3111 724 3162 percussus
754 3097 808 3147 est
837 3094 935 3148 morbo
966 3094 1118 3163 apoplexie‚
1150 3098 1178 3146 et
1214 3093 1311 3147 eodem

353 3167 476 3219 morbo
507 3165 626 3218 tercio
663 3163 787 3218 dimidio
818 3176 890 3218 anno
921 3166 1059 3219 laborans
1096 3163 1310 3233 exspiravit.

360 3238 412 3290 Ubi
427 3235 552 3290 Audiens
571 3267 603 3277 -
623 3267 656 3276 -
674 3240 838 3306 procuratur
856 3252 905 3291 orn.

479 3415 505 3454 Ε.
521 3415 547 3457 R.
560 3414 588 3463 V,-
602 3411 754 3454 misaricordia
767 3416 786 3456 1.
840 3417 861 3462 c)
875 3415 890 3455 1,
904 3417 939 3453 est
952 3415 978 3457 Β.
1032 3411 1055 3464 d)
1068 3413 1205 3454 secularibus
1221 3413 1272 3456 add.
1286 3415 1312 3457 R.

481 3469 537 3517 virg.
551 3469 577 3510 R.
631 3467 653 3518 g)
667 3478 708 3516 par
721 3479 744 3516 q.
756 3465 778 3510 d.
792 3469 834 3509 ior.
848 3477 891 3509 rec.
906 3467 932 3511 R.
986 3467 1010 3516 b)
1024 3467 1095 3516 Surge
1109 3468 1135 3510 B.
1189 3467 1205 3516 i)
1219 3479 1240 3516 q.
1255 3477 1313 3510 max.

162 3701 188 3741 ss
200 3687 225 3748 1)
237 3683 291 3747 Qus·
302 3683 382 3734 ludus
394 3682 481 3734 adbuc
493 3687 586 3744 astat,
604 3682 691 3734 editus
706 3696 725 3731 a
736 3680 768 3733 L.
780 3680 924 3746 Bautae,
940 3683 948 3710 ‘
955 3679 1285 3746 wantury-Bolathek’
1298 3679 1319 3730 I

197 3755 291 3818 (Hauc
310 3757 400 3819 1855).
446 3753 488 3817 Cf.
508 3752 540 3806 L.
560 3751 635 3804 Koch
656 3755 686 3803 in
710 3751 847 3805 ‘Zeitscbn
870 3751 896 3805 d.
920 3751 951 3803 V.
977 3752 999 3814 f.
1023 3751 1108 3805 Ἠιᾱν.
1130 3752 1231 3805 Gcecb!
1250 3751 1311 3817 VII,

193 3843 223 3894 p.
235 3828 286 3882 111
296 3841 368 3893 sqq.‚·
387 3825 419 3877 R.
431 3823 576 3887 Bedunia,
596 3823 665 3874 ‘Dua
678 3823 752 3890 Spiel
769 3838 817 3874 oon
835 3823 885 3874 dan
903 3823 970 3874 zeba
982 3822 1170 3888 Junpfrauen'
1188 3823 1314 3888 (Rostoclc

199 3899 291 3962 1872).
311 3927 342 3935 -
364 3895 430 3948 Cum
456 3902 549 3946 aanor
572 3895 655 3946 huius
675 3896 768 3960 partic
791 3909 835 3946 res
858 3899 944 3960 pastas
968 3909 1044 3960 saepo
1064 3894 1148 3957 falsis
1165 3897 1247 3945 anais
1265 3895 1313 3945 ud·

198 3969 344 4034 scripum,
363 3982 420 4018 casm
440 3966 611 4018 Fridcsdcum
635 3965 686 4034 37,
706 3968 788 4016 oanis
812 3971 960 4030 seurota-soe
984 3965 1094 4029 dimit,
1118 3967 1167 4032 qui
1190 3983 1215 4019 a.
1236 3967 1313 4020 1324.

163 4039 341 4103 sodefuaotua
365 4053 418 4090 csse
440 4039 571 4102 videatur,
598 4037 669 4088 bunc
694 4036 787 4087 ludum
804 4052 858 4088 non
883 4051 909 4089 a.
929 4038 1007 4090 1322.
1033 4037 1101 4104 Αρν.
1119 4038 1164 4102 26,
1188 4036 1234 4088 sed
1258 4040 1314 4088 iam

199 4127 225 4165 a.
246 4113 323 4165 1321.
350 4109 422 4161 Maii
438 4110 464 4163 4.
484 4111 594 4174 factam,
614 4107 792 4159 marchionem
810 4109 853 4159 die
872 4107 943 4158 Maia·
960 4109 985 4161 9.
1004 4108 1145 4174 apoplma
1164 4110 1245 4160 ictum
1262 4123 1315 4160 caso

199 4183 306 4236 conida.
345 4181 401 4245 Quo
428 4181 518 4232 onnia
543 4181 600 4244 fero
624 4179 765 4242 uelantur,
784 4195 852 4244 quas
870 4178 976 4244 Wopck,
997 4179 1149 4231 ‘Friedrich
1167 4180 1193 4233 d.
1213 4178 1315 4233 Freid!

197 4271 225 4320 ρ.
244 4254 305 4317 339,
330 4269 357 4306 n.
379 4257 402 4318 1,
429 4256 522 4303 contra
545 4251 616 4302 bunc
641 4251 726 4302 locum
749 4251 836 4305 movit.
925 4251 954 4318 2)
970 4250 1115 4306 Elisabeth.
1205 4251 1233 4318 3)
1249 4250 1315 4302 Fra·-

200 4325 293 4378 dorica
