3248 4856
353 309 405 362 682
566 302 759 358 onomosn
778 302 940 358 MINORIS
958 301 1221 359 CONTINUATIO
1239 303 1263 360 1.

267 497 344 550 1270.
355 510 426 566 nos,
452 490 567 554 hostes
592 487 743 564 ecclesie,
768 485 878 551 nichil
892 487 947 552 vel
963 508 1084 571 parum
1101 488 1221 572 utique
1237 488 1466 572 profecerunt.

355 577 642 661 Rothomegensis
666 575 942 661 archiepiscopat
960 578 1097 642 nomine
1112 577 1291 660 Rigaldus‚
1315 579 1376 642 sed
1398 599 1467 662 pro

355 667 502 732 sessione
534 668 570 731 et
599 665 723 731 habitu
753 665 883 729 ordinis
913 665 1061 729 fratrum
1084 665 1267 744 Minorum‚
1292 665 1376 730 olim
1405 687 1467 731 ma·

355 758 462 840 gister
492 760 528 820 et
557 756 678 820 doctor
707 753 883 838 theologie
912 753 1063 818 Parisius
1093 755 1129 818 in
1159 755 1339 834 kathedra,
1365 757 1467 820 eciam

355 866 431 908 oum
463 865 544 928 rege
568 843 711 908 Francie
742 862 843 908 cruce
873 843 1029 927 signatus
1058 845 1095 907 in
1118 843 1221 909 Terre
1245 845 1371 909 Sancte
1398 844 1488 910 sub-s

356 935 481 998 sidium
505 933 691 1018 navigavit.
801 931 960 997 Frisones
992 952 1091 997 cruce
1121 933 1258 1017 signati,
1284 934 1374 998 sicut
1397 935 1469 998 esti·

357 1023 442 1087 mati
465 1027 555 1100 sunt,
581 1023 717 1086 circiter
740 1021 803 1084 XL
827 1021 924 1084 milia
953 1021 1170 1106 etamplius,
1197 1026 1283 1086 tuno
1308 1023 1469 1107 temporis

358 1133 434 1175 cum
463 1113 533 1176 suis
563 1110 709 1196 propriis
739 1110 885 1175 neribus
914 1109 1063 1194 profecti
1097 1113 1178 1174 sunt
1212 1111 1248 1174 in
1283 1111 1470 1176 subsidium

357 1201 459 1266 Terre
489 1201 625 1265 Sancte.
671 1199 831 1284 Magistri
859 1199 897 1263 in
927 1199 1104 1283 theologie
1134 1202 1169 1264 et
1199 1200 1411 1265 confessores
1438 1203 1471 1264 et

358 1290 589 1374 predicatores
623 1288 749 1353 fratres
778 1289 931 1353 Minores
965 1288 1068 1352 multi
1102 1288 1251 1373 profecti
1285 1293 1367 1353 sunt
1397 1309 1504 1353 cumn

359 1379 502 1463 prefatis
536 1378 685 1462 regibus,
720 1377 895 1442 nobilibus
934 1397 974 1441 ac
1012 1377 1219 1442 exercitibus
1254 1375 1471 1452 Christiania

360 1468 499 1550 plurimi
523 1467 726 1544 sacerdotes,
752 1466 923 1551 capellani
952 1469 988 1530 et
1018 1467 1077 1530 alii
1105 1467 1220 1531 clerici
1242 1487 1378 1531 necnon
1400 1465 1473 1531 reli-

359 1557 456 1640 giosi,
487 1558 548 1621 sed
578 1557 740 1640 precipue
771 1557 813 1620 de
843 1554 1010 1618 fratribus
1040 1555 1232 1621 Minoribus
1262 1559 1299 1620 et
1321 1556 1474 1620 Predica·

350 1646 492 1710 ¹toribus
516 1647 598 1708 sunt
621 1645 769 1729 proiecti
793 1643 896 1708 multi
923 1643 1017 1708 ultra
1045 1665 1138 1710 mare
1169 1646 1212 1709 ad
1237 1645 1384 1710 salutem
1409 1645 1474 1708 ani·

360 1756 503 1799 marum.
551 1734 595 1798 In
616 1734 678 1797 illo
702 1734 859 1817 passagio
883 1732 1041 1798 defuncti
1071 1736 1153 1798 sunt
1174 1734 1244 1797 XX
1266 1735 1393 1799 fratres
1415 1733 1509 1796 Min

360 1844 469 1889 nores.

468 1910 698 1996 Westphalii²
725 1910 820 1974 missi
851 1931 926 1974 oum
958 1911 1061 1975 ermis
1090 1932 1111 1974 a
1141 1911 1287 1998 Symone
1317 1911 1476 1996 episcopo

362 2001 638 2065 Paderburnensi
661 1999 779 2084 spoliis
803 2003 839 2064 et
861 2000 1029 2064 incendiis
1060 2021 1100 2065 ae
1124 2001 1269 2086 captivis
1293 1999 1477 2066 educendis

362 2092 496 2154 vastare
513 2088 673 2152 Hassiam
696 2089 732 2151 in
756 2089 874 2152 odium
890 2083 1007 2153 ducisb
1028 2089 1186 2155 Heinrici
1209 2090 1361 2155 eiusdem
1376 2093 1477 2162 terre,

362 2177 496 2242 subit0⁰
514 2179 611 2261 quasi
627 2178 663 2240 in
679 2198 750 2240 una
765 2178 849 2241 hora
872 2199 943 2242 non
966 2173 1089 2264 longe‘¹
1108 2201 1130 2243 a
1145 2178 1312 2243 Fritslar1
1335 2199 1376 2243 ex
1396 2177 1515 2261 ipsisso

363 2266 577 2352 Westphalis
600 2266 704 2331 occisi
727 2269 809 2330 sunt
825 2265 881 2330 CL
897 2267 963 2330 viri
986 2271 1021 2332 et
1034 2267 1074 2346 V,
1099 2268 1228 2353 captivi
1249 2271 1364 2332 autem
1381 2266 1479 2330 ducti
1598 2313 1601 2334 ι

363 2359 444 2420 sunt
468 2376 508 2420 ex
532 2355 661 2420 eisdem
674 2355 888 2438 Westphalis
912 2355 1043 2420 CXXX
1057 2358 1132 2435 riri,
1156 2378 1300 2441 quorum
1325 2377 1414 2419 unus
1438 2357 1481 2420 de

363 2446 490 2530 oppido
498 2445 686 2528 Warberg⁰
701 2445 839 2510 nomine
852 2444 1034 2510 Cunradus
1050 2466 1086 2511 se
1101 2447 1249 2511 redemit
1261 2445 1331 2509 MD
1347 2445 1481 2509 marcis.

471 2534 562 2618 Egra
593 2534 713 2598 civitas
744 2537 865 2598 exusta
892 2538 954 2599 est.
1002 2532 1159 2613 Quatuor
1181 2535 1332 2600 Minores
1355 2535 1483 2598 iratres

364 2625 400 2688 in
417 2623 561 2689 ecclesia
584 2623 731 2687 fratrum
755 2623 884 2688 ibidem
908 2627 1039 2688 etcum
1061 2623 1145 2708 ipsis
1161 2616 1322 2689 centumf
1338 2626 1373 2688 et
1389 2623 1484 2687 ultra
1495 2649 1519 2688 ει

365 2713 439 2778 Deo
462 2713 687 2798 permittente
711 2713 853 2776 cremati
876 2715 912 2777 et
933 2713 1117 2778 incinerati
1140 2716 1232 2776 sunt.

471 2800 549 2866 Hoc
579 2801 699 2866 eodem
730 2821 829 2878 anne,
861 2805 1043 2886 postquam
1073 2802 1219 2866 illustris
1248 2823 1308 2866 rex
1338 2801 1485 2865 Francis

272 2890 557 2969 *anudwieus
582 2889 649 2954 Dei
680 2890 792 2954 cultor
822 2911 862 2955 ae
885 2891 1021 2956 iusticie
1045 2894 1187 2970 amator,
1214 2891 1268 2954 *in
1292 2889 1486 2975 peregrina·

366 2979 463 3044 cione
488 2979 530 3043 de
553 2981 647 3043 terra
670 3000 733 3044 sua
756 3000 910 3064 egressus
941 3001 1018 3045 cum
1042 2980 1191 3065 glorioso
1221 2980 1389 3045 comitatu
1412 2983 1486 3042 tam

366 3088 485 3151 regum
519 3089 622 3152 quam
655 3068 895 3151 religiosorum
929 3089 970 3134 ac
1003 3072 1244 3154 magnatorum
1279 3069 1316 3131 in
1347 3067 1524 3152 copiosas

367 3157 591 3222 multitudine
615 3158 754 3220 navium
785 3177 862 3221 cum
888 3161 1024 3223 centum
1049 3159 1189 3223 milibus
1214 3177 1313 3222 cruce
1337 3158 1488 3240 signato·

366 3268 442 3310 rum
474 3250 509 3311 et
539 3246 633 3310 ultra
656 3247 699 3311 de
723 3247 866 3310 diversis
895 3247 1011 3332 regnis
1035 3247 1191 3313 ascendit
1221 3266 1323 3323 mare,
1348 3247 1390 3308 ut
1413 3265 1490 3329 pro·

368 3335 578 3400 ficisceretur
593 3337 637 3399 ad
654 3335 898 3400 debellandum
916 3336 1119 3402 Sarracenos
1143 3339 1178 3401 et
1195 3335 1359 3401 barbaras
1374 3335 1491 3398 nacio-

368 3445 438 3502 nes,
463 3424 636 3508 quoddam
659 3424 816 3490 mirabile
841 3429 876 3490 et
897 3425 1085 3504 insolitum,
1111 3447 1132 3489 a
1153 3425 1278 3490 seculis
1301 3445 1372 3488 non
1393 3422 1492 3486 audi·

274 3539 358 3582 nme.
368 3517 453 3592 tum,
478 3514 516 3576 in
538 3533 654 3578 mense
670 3513 763 3577 Iulio
783 3513 874 3578 circa
888 3515 1018 3579 festum
1034 3518 1152 3578 sancte
1168 3514 1364 3596 Margarete
1381 3511 1492 3576 serris
1503 3537 1529 3578 ss

370 3603 439 3666 suis
463 3601 650 3666 altissimus
673 3602 854 3668 ostendere
878 3603 1087 3688 dignabatur
1109 3604 1145 3667 in
1166 3603 1376 3687 'presagium
1394 3601 1589 3677 fun-wc.

369 3712 494 3769 rorum,
519 3692 707 3756 secundum
731 3692 823 3775 quod
846 3692 1003 3756 iudicant
1027 3693 1209 3776 sapientes.
1248 3691 1338 3754 Nam
1357 3687 1494 3754 ΧΠΠο

277 3807 319 3850 nr.
328 3808 359 3850 ιι,
370 3780 450 3844 Kal.
467 3781 618 3864 Augusti
641 3801 703 3864 per
724 3780 889 3846 nunccios
912 3781 950 3844 in
973 3782 1110 3866 scriptis
1134 3780 1321 3864 diligenter
1343 3782 1379 3843 et
1403 3778 1494 3844 cele·

369 3987 391 4038 ι)
407 3989 507 4030 westfali
521 3989 545 4032 P.
611 3988 635 4039 b)
649 3989 726 4030 Helnr.
740 3986 804 4028 ducis
818 3990 844 4032 P.
911 3993 931 4040 o)
948 3993 979 4030 sir
992 3991 1025 4040 P‚·
1039 3988 1129 4030 subdito
1143 4001 1160 4033 c.
1227 3987 1250 4038 d)
1272 3989 1326 4028 siris
1340 3989 1400 4038 cdd„
1414 3989 1494 4028 ιιαιίιιι

369 4043 410 4084 ἀεὶ.
426 4054 443 4085 o.
497 4045 519 4090 e)
533 4042 676 4093 barbe1·gr.,·
690 4043 827 4082 Wnroberch
842 4043 874 4091 P‚·
893 4045 922 4092 cf.
937 4044 1034 4095 infrap.
1048 4045 1095 4094 685,
1110 4043 1171 4087 tto.
1224 4042 1357 4093 Ohomlnss
1372 4043 1425 4086 add.
1439 4041 1466 4083 Ρ.
1506 4044 1534 4082 ιθ

371 4220 502 4285 Ιιὶοιιιαιιίι,
520 4235 577 4272 vere
594 4236 620 4274 a.
635 4223 712 4275 1271.
731 4221 761 4273 in
783 4221 896 4274 limam
914 4221 1040 4274 Sanctam
1053 4221 1191 4290 profectus
1208 4225 1253 4274 est.
1291 4219 1368 4283 Quod
1385 4225 1493 4282 sudor,

370 4305 430 4340 oum
451 4289 514 4341 tace
536 4289 667 4358 scitust,
689 4293 809 4344 nondum
831 4293 963 4346 audivisse
980 4293 1091 4346 tidelm.
1170 4293 1196 4360 1)
1216 4292 1258 4356 Of.
1278 4305 1366 4357 supra
1381 4307 1409 4358 p.
1428 4290 1496 4350 261-
