3248 4856
314 310 369 364 ‘1¹08
557 306 750 363 CRONICAE
768 305 931 363 MINORIS
949 305 1146 362 APPENDIX
1164 306 1205 366 Π.

316 489 514 556 simillimam
554 490 667 556 harem
699 488 877 556 indiculum
911 489 1101 572 exemplam
1135 509 1200 555 esec
1233 487 1300 554 iore
1335 509 1435 572 supro

310 599 345 660 p.
373 585 446 643 118.
472 584 545 660 150,
568 601 602 644 u.
626 586 657 643 5.
681 578 844 645 adnotari

422 683 479 769 II)
514 684 673 751 Chronico
700 684 888 751 Theoderici
910 685 1074 766 Enyellrus
1104 685 1143 750 iu
1172 685 1275 751 oodr'ce
1297 683 1436 750 deitatis

317 774 653 840 Houuooeronoe
683 775 783 840 chart.
810 775 867 854 sol.
898 797 928 840 o.
955 779 1050 855 1436,
1080 775 1137 857 qui
1168 774 1243 839 olim
1271 773 1336 853 fuit
1363 794 1434 839 con-

317 869 426 928 ventre
469 863 611 943 fratrom
652 863 823 930 Minorem
865 863 1094 946 (lectorensis,
1135 870 1246 946 posteo
1290 861 1459 929 eccleeioes

319 952 353 1017 S.
380 951 494 1018 Crucis
515 953 786 1034 Honuooeronoe,
818 952 977 1018 euliomti
1005 959 1080 1017 saal
1108 954 1170 1018 duo
1195 951 1331 1017 indiculi
1353 950 1436 1015 ordi-

317 1062 393 1105 nom
403 1041 423 1124 ¹,
448 1063 470 1105 o
491 1041 598 1107 scribo
621 1041 739 1106 codicis
760 1041 891 1106 aliunde
913 1041 1071 1123 (11151115,
1095 1062 1172 1124 quos
1194 1061 1233 1106 ee
1254 1041 1311 1106 lroc
1333 1039 1436 1106 codice

317 1129 507 1212 Leihuitiue,
534 1130 593 1195 SS.
616 1129 791 1196 Brancoic.
815 1131 868 1211 II,
894 1152 929 1212 p.
954 1136 1008 1194 87.
1032 1131 1139 1211 edida,
1172 1129 1333 1196 oeconone
1358 1130 1436 1194 doto

317 1219 374 1285 lroo
403 1220 467 1284 loco
497 1221 676 1284 emendatos
697 1219 839 1301 rogalici.
885 1219 986 1284 Prior
1006 1239 1115 1284 eorum
1137 1241 1176 1285 ea
1198 1218 1332 1284 clivosis
1353 1216 1436 1282 iadi-

318 1306 418 1372 colir'
440 1307 626 1389 cornpilolue
647 1307 771 1373 oidetw
793 1329 867 1390 eece,
898 1308 1031 1373 (1118νὲ11
1059 1308 1233 1374 mommolo
1249 1313 1375 1391 portem
1397 1326 1474 1371 euro

319 1395 462 1462 ludiarli
490 1398 547 1462 aab
571 1397 602 1462 Ι.
633 1397 711 1462 edili
738 1397 911 1479 marmori
941 1396 1015 1478 olio,
1046 1397 1203 1462 nwoulio
1232 1418 1272 1461 ea
1297 1395 1437 1462 Crouiro

319 1485 451 1550 Minore
474 1486 632 1569 coempto
655 1507 720 1551 esec
741 1486 896 1566 facillime
914 1485 1079 1568 peropimis.
1230 1485 1265 1552 0.
1290 1485 1390 1549 H.·E.

544 1683 956 1837 CONFIRMAOIOIrlus
980 1771 1212 1837 ORDINUM.

426 1885 519 1941 Anno
542 1884 582 1940 ab
605 1885 824 1942 incarnacione
839 1885 965 1941 Domini
981 1884 1096 1942 XXXI.
1120 1885 1154 1941 in
1170 1884 1240 1942 Kal.
1257 1884 1332 1942 Maii
1354 1883 1473 1958 cepitis

321 1971 465 2030 Christus
488 1972 647 2047 predicare
656 1967 677 2030 ³.

426 2061 520 2118 Anno
543 2061 582 2118 ab
606 2062 824 2120 incarnacione
839 2063 966 2119 Domini
988 2062 1103 2120 XXXI.
1128 2061 1244 2120 Christi
1267 2061 1435 2137 ewangelio

320 2149 526 2207 choruscante
557 2150 639 2224 cepit
669 2151 777 2224 regula
807 2157 840 2208 et
862 2152 928 2208 vita
951 2151 1164 2226 apostolorum
1186 2150 1295 2209 iuxta*
1321 2150 1436 2226 perfec·

320 2239 442 2295 cionem
465 2239 688 2312 euangelicam
697 2233 719 2294 ⁴.

427 2327 520 2384 Anno
543 2327 669 2384 Domini
694 2327 778 2386 CCL.
803 2329 887 2404 cepit
909 2329 1102 2386 monasticus
1126 2330 1202 2387 ordo
1226 2347 1245 2386 a
1267 2329 1360 2386 beato
1375 2329 1473 2384 Anco

321 2415 429 2473 thonio
459 2416 492 2472 in
515 2415 686 2485 Thebaida,
717 2421 750 2474 et
772 2418 889 2475 Paulus
919 2419 1039 2493 primus
1067 2418 1221 2476 heremita
1250 2418 1362 2476 claniit
1383 2417 1436 2474 ibi·

322 2499 427 2562 dem⁶.

428 2595 521 2651 Anno
544 2595 670 2651 Domini
694 2582 887 2652 CCCLXX.b
906 2613 961 2670 per
976 2596 1150 2652 Damasum
1174 2613 1290 2671 papam
1313 2599 1345 2652 et
1359 2595 1436 2652 Iero-

321 2683 443 2740 nr'mum
478 2686 511 2740 et
544 2684 747 2740 Ambrosium
782 2685 865 2759 cepit
897 2684 1039 2741 divinum
1078 2683 1217 2742 officium
1251 2684 1371 2742 cantari
1404 2684 1435 2740 in

322 2765 482 2829 ecclesiafl.
1446 2787 1473 2826 rs

473 2896 527 2952 De
551 2897 693 2954 ordine
716 2899 1004 2954 canonicorum
1027 2898 1287 2973 regularium.

429 3002 522 3058 Anno
544 3001 671 3059 Domini
695 3001 897 3061 CCCCXXX.
928 3005 1011 3079 cepit
1038 3005 1114 3061 ordo
1137 3004 1325 3079 regularium
1349 3019 1437 3060 cano·

323 3091 465 3147 uicorum
495 3094 528 3147 et
556 3091 649 3149 lectio
678 3093 711 3148 in
741 3109 852 3149 mensa
883 3110 902 3150 a
932 3094 1024 3150 beato
1053 3094 1232 3168 Augustino
1255 3092 1438 3168 Ypponensi

323 3173 497 3254 episcopo⁷.

688 3268 826 3327 Sancti
850 3270 1074 3329 Benedicti.
1448 3286 1475 3326 so

430 3376 523 3432 Anno
546 3376 673 3433 Domini
695 3376 854 3434 DXXVII.
885 3378 969 3452 cepit
991 3378 1065 3435 ordo
1089 3381 1122 3435 et
1144 3378 1252 3453 regula
1274 3377 1439 3435 monacho·

324 3481 395 3520 rum
418 3481 438 3520 a
460 3465 553 3521 beato
575 3464 746 3522 Benedicto
769 3466 802 3521 in
825 3465 933 3523 Monte
957 3465 1088 3523 Cassiuo
1111 3468 1144 3524 in
1168 3465 1340 3542 Campania
1349 3461 1370 3524 ⁸.

324 3717 346 3768 a)
361 3720 392 3757 ele
405 3730 473 3766 cupro
483 3731 508 3768 p.
523 3720 572 3769 150;
586 3720 619 3759 uti
633 3732 650 3762 c.
698 3720 721 3767 b)
735 3722 766 3760 sic
779 3731 848 3770 supro
857 3732 883 3770 p.
898 3721 945 3763 150.
958 3725 977 3760 rt
991 3721 1053 3769 infra
1063 3733 1088 3770 p.
1098 3723 1148 3772 ⁷103
1163 3721 1243 3763 CCCL.
1256 3733 1273 3764 c.

326 3934 351 3998 1)
377 3932 455 3984 Folio
481 3933 578 3984 redich
599 3935 718 3986 numeris
743 3949 795 3985 non
820 3936 927 4000 aquata
951 3939 1022 3989 arnt.
1066 3935 1186 3986 Indr'culi
1206 3941 1266 4002 post
1293 3933 1439 4003 registrum

326 4001 528 4070 alphabeticum
548 4001 661 4056 Croniae
679 4003 850 4071 precedentis
868 4007 964 4073 scripti
979 4012 1050 4060 arnt.
1121 4005 1149 4072 2)
1169 4007 1338 4059 Molliculus
1355 4005 1477 4058 (limite

324 4076 384 4139 goti
400 4081 486 4139 eram,
511 4080 540 4125 ut
565 4073 612 4128 SS.
627 4075 721 4139 XVII,
745 4093 773 4142 p.
794 4079 817 4130 1.
837 4079 896 4134 722.
925 4076 1035 4142 XXIV,
1055 4093 1084 4144 p.
1103 4079 1146 4133 43.
1237 4079 1264 4144 3)
1293 4077 1335 4141 Cf,
1355 4093 1439 4143 cupro

323 4163 351 4212 p·
364 4147 425 4208 533,
443 4161 469 4200 rr.
483 4145 523 4200 **.
596 4149 623 4212 4)
642 4148 684 4210 Cf.
703 4162 789 4214 eupro
805 4151 907 4214 11533.
926 4149 962 4199 ad
979 4165 1005 4204 a.
1018 4153 1062 4204 31.
1128 4151 1156 4216 5)
1175 4149 1217 4212 Cf.
1236 4164 1322 4216 supra
1336 4166 1365 4216 p.
1379 4150 1439 4212 554,

324 4215 386 4270 1.*
411 4216 448 4266 ad
471 4233 496 4271 α.
515 4219 576 4272 254.
656 4219 685 4286 6)
703 4219 745 4281 Cf.
765 4233 851 4284 supro
871 4222 980 4284 11567.
1006 4221 1043 4272 od
1067 4237 1093 4274 o.
1112 4223 1173 4275 368.
1247 4223 1274 4288 7)
1294 4221 1336 4283 cf.
1355 4234 1439 4287 supro

320 4301 351 4350 p.
371 4287 430 4339 574.
450 4287 486 4336 ao
503 4305 528 4341 o.
547 4290 608 4342 437.
681 4290 709 4353 8)
727 4289 769 4351 Cf.
788 4303 873 4354 supro
889 4307 917 4357 p.
936 4293 996 4346 584.
