3240 4858
300 351 466 408 ORONIGA
479 353 507 412 S.
517 353 632 410 PETRI
644 353 907 410 ERFORDENSIS
918 353 1010 411 MOD.
1029 354 1065 410 A.
1076 357 1153 412 1800.
1242 357 1294 412 337

179 538 313 602 Wimar
344 539 482 603 nomine
513 538 613 604 Wie⁸
646 538 781 603 obsedit
792 538 812 615 ¹,
848 538 908 602 sed
941 538 1123 603 incassum.
1170 537 1294 602 Postea
1303 517 1431 638 {5221AE

179 628 436 711 Erphordenses
460 630 670 712 congregata
698 648 803 691 manu
825 627 941 691 valida
968 647 1046 691 cnm
1070 626 1140 690 suis
1163 627 1294 690 adiuto-

176 709 307 793 nbusb,
332 716 630 800 processionaliter
660 716 703 780 ab
734 717 826 780 omni
858 716 949 780 clero
980 716 1130 785 civitatis
1161 718 1196 780 et
1218 715 1294 780 reli·

178 805 282 888 giosis
312 809 393 870 ante
423 806 599 870 civitatem
622 805 773 881 deducti,
797 805 1026 869 municionem
1050 805 1106 867 in⁰
1130 799 1291 869 Utstete‘l

148 894 328 977 squinque
352 894 474 958 diebus
497 894 670 958 obsessam
701 897 737 958 et
760 894 913 958 deditam
940 894 1099 958 funditus
1123 894 1294 958 destruxe-

178 986 270 1059 runt,
300 983 387 1046 inibi
416 983 567 1047 inventis
581 984 684 1048 ‚vite⁰
714 983 815 1046 datis.
861 981 890 1047 Ο
915 983 987 1046 dies
1018 981 1229 1046 confusionis
1259 985 1295 1047 et

178 1071 292 1136 luctus
324 1071 617 1157 Erphordensium
647 1064 855 1136 notandusfl
901 1071 1026 1148 Namss,
1057 1071 1086 1135 si
1117 1071 1294 1155 processis-

179 1164 265 1236 sent,
290 1160 401 1224 multa
416 1161 536 1244 utique
553 1163 665 1224 castra
680 1161 888 1224 marchionis
904 1164 1130 1244 occupassent
1146 1163 1181 1224 et
1196 1160 1294 1242 quasi

179 1242 395 1314 omnimodeh
422 1249 687 1333 prevaluissent;
719 1250 779 1314 sed
809 1249 942 1313 amissis
971 1248 1130 1313 omnibus
1153 1249 1197 1312 ad
1221 1268 1293 1332 pro·

143 1359 170 1397 ιο
178 1339 254 1422 pria
283 1341 366 1403 sunt
395 1339 532 1403 reversi.
578 1338 740 1416 Tandem,
769 1359 847 1402 cum
870 1359 934 1404 nec
958 1338 1062 1402 sacris
1086 1337 1207 1402 diebus
1230 1358 1294 1402 neo

74 1443 168 1494 'rw-⁴⁴2·
179 1427 356 1492 cimiteriis
379 1448 443 1492 nec
467 1426 619 1492 ecclesiis
643 1426 848 1511 *parcerent
872 1427 909 1489 in
939 1430 1061 1491 octava
1088 1427 1294 1491 ascensionis
1304 1443 1463 1494 Mace-m.

179 1515 320 1579 Domini
336 1515 455 1579 LXX²
470 1516 630 1599 armigeri
646 1537 763 1580 eorum
787 1536 865 1580 cum
881 1516 1061 1600 capitaneo
1077 1515 1171 1579 dicto
1187 1514 1294 1580 Lude·

178 1605 263 1668 wico
292 1605 334 1669 de
366 1599 544 1681 Gummi,
573 1606 667 1668 omni
694 1605 894 1669 defensione
924 1605 1116 1688 postposita
1145 1604 1295 1668 feminea

178 1694 338 1771 mollicie,
359 1694 563 1758 dedecorose
587 1694 816 1777 captivantur,
838 1687 1057 1757 marchionek
1078 1693 1215 1776 suisque
1239 1714 1294 1776 ap·

143 1801 169 1840 15
179 1787 302 1867 paratu
331 1803 503 1846 armorum
533 1785 569 1846 et
598 1803 763 1865 equorum
793 1782 920 1865 absque
950 1782 1068 1846 labore
1091 1782 1140 1846 sic
1163 1782 1293 1865 potitis.

178 1871 285 1936 Pauci
307 1892 388 1936 vero
412 1892 453 1936 ex
476 1871 534 1947 eis,
559 1872 654 1955 equis
678 1871 848 1954 armisque
870 1871 1016 1948 reiectis,
1040 1872 1124 1954 fuge
1145 1871 1294 1953 presidio

179 1963 260 2024 sunt
284 1961 402 2044 elapsi.
437 1960 511 2025 Neo
534 1963 651 2024 tamen
674 1962 723 2024 sic
739 1981 760 2023 a
775 1961 892 2024 divina
915 1959 1042 2023 iniuria
1065 1962 1292 2024 cessaverunt.

178 2049 268 2112 Nam
302 2049 480 2132 religiosos
515 2053 551 2112 et
581 2049 711 2113 clerum
746 2049 865 2112 multis
898 2049 1034 2112 iniuriis
1067 2048 1291 2124 infestabant,

179 2159 293 2202 eorum
328 2138 432 2202 curiis
462 2140 498 2202 et
529 2138 687 2202 domibus
715 2139 901 2221 armigeros
930 2139 1155 2222 imponentes,
1187 2157 1295 2202 neca

141 2226 310 2311 mvirgine
334 2221 499 2311 gloriosal
522 2247 586 2291 nec
610 2248 631 2290 a
646 2227 711 2291 celi
727 2225 1169 2310 clavigero³temperando.
1205 2225 1295 2290 Nam

179 2316 356 2380 cuiusdam
381 2316 536 2380 canonici
561 2316 645 2379 dicti
669 2316 712 2380 de
735 2315 994 2380 Malsleibinm·⁴
1018 2315 1084 2378 H.¹¹
1109 2315 1213 2378 militi
1236 2316 1294 2378 mi·

179 2405 348 2469 nisteriali
364 2406 406 2468 de
423 2404 639 2478 Ebeleibiu0,
664 2425 726 2468 suo
749 2404 910 2480 adiutori,
934 2405 967 2466 ri
992 2403 1185 2488 hospicium
1207 2404 1293 2468 fece-

178 2497 271 2556 runt.
318 2493 547 2557 Monialibusl’
568 2492 795 2577 Novi-operis
818 2493 853 2556 in
878 2493 1010 2557 curiam
1033 2513 1129 2556 suam
1153 2493 1293 2575 armige-

178 2602 233 2646 ros
271 2583 475 2647 inducentes
509 2582 756 2666 procurandos,
792 2580 873 2646 filiis
906 2602 987 2646 vero
1022 2581 1190 2646 ecolesiel¹
1227 2581 1293 2645 celi

142 2671 342 2754 scclavigeri
363 2671 545 2735 introitum
577 2675 612 2736 et
636 2671 766 2735 exitum
790 2671 940 2734 civitatis
964 2675 1141 2753 negantes,
1165 2675 1230 2734 ner
1257 2671 1293 2734 in

179 2760 385 2824 molendinis
409 2760 479 2824 suis
495 2763 575 2825 ante
593 2759 783 2824 *civitatem
807 2759 882 2824 sitis
905 2760 958 2824 vel
981 2759 1048 2842 ipsi
1062 2760 1117 2824 vel
1140 2759 1199 2842 qui
1216 2777 1393 2827 rummare.

178 2849 262 2932 ipsis
285 2849 412 2914 molere
436 2848 594 2914 solebant
620 2843 843 2932 [molerent⁸],
868 2848 1037 2913 violenter
1059 2848 1292 2932 prohibentes.

179 2937 303 3002 Postea
326 2936 496 3015 rursum²,
521 2939 602 3001 dum
626 2939 755 3022 rapinis
777 2938 1008 3015 intenderent,
1033 2937 1293 3022 acomplicibns

178 3167 201 3210 ι)
214 3173 265 3213 wya
278 3163 304 3206 E.
357 3162 381 3213 b)
394 3163 510 3202 adiutoriis
523 3163 556 3202 8⁵.
624 3165 644 3212 c)
658 3163 689 3201 sle
702 3161 759 3204 Μ.
773 3163 799 3205 Ε,
814 3163 843 3205 dl.
857 3164 884 3206 R.
902 3163 930 3207 V:
950 3174 991 3205 cm.
1008 3165 1025 3205 1.
1088 3161 1111 3214 d)
1125 3163 1248 3204 Udemtete
1262 3161 1294 3208 E‚·

143 3217 289 3258 tondemur
306 3216 333 3258 ΙΙ,
388 3219 409 3264 e)
421 3217 453 3255 εἰσ
465 3216 492 3258 E.
506 3216 542 3265 H,-
555 3216 604 3256 vita
619 3219 636 3258 l.
651 3217 677 3255 R.
697 3217 717 3258 V.
771 3217 789 3266 Ι)
802 3217 833 3256 sic
847 3219 867 3256 l.
882 3217 908 3259 R.
921 3217 951 3262 Υ,-
964 3214 1063 3256 notanda
1076 3216 1101 3258 Ε.
1117 3216 1146 3258 Μ,
1192 3215 1215 3266 g)
1229 3213 1295 3263 Quod

178 3268 236 3310 aab,
290 3269 314 3320 h)
333 3271 363 3308 etc
376 3270 402 3312 Ε.
417 3270 446 3311 Μ.
461 3270 493 3318 R,·
514 3267 639 3309 omnimodo
654 3271 678 3318 13
701 3269 788 3309 omnino
801 3269 865 3320 2⁸·b;
886 3271 988 3310 omnibus
1003 3268 1073 3309 modis
1091 3269 1114 3308 V.
1130 3269 1164 3316 N,·
1184 3270 1212 3316 cs.
1225 3279 1294 3318 upra

174 3335 199 3372 p.
213 3323 259 3370 386,
274 3335 295 3364 n.
308 3335 326 3364 ι.
393 3324 410 3370 i)
424 3323 520 3362 Guttam
533 3323 559 3364 Ε.
575 3323 603 3364 Μ.
657 3322 681 3369 k)
694 3324 726 3361 sir
743 3323 770 3370 V,·
791 3323 868 3362 marcii
880 3323 914 3369 E:
933 3323 1015 3363 martll‘
1028 3324 1126 3374 samque,
1141 3323 1214 3361 eadem
1227 3333 1294 3361 manu

177 3387 284 3426 superem
297 3386 311 3416 a
325 3377 454 3416 marchione
468 3377 558 3424 aulaque
573 3378 595 3426 1;
617 3375 740 3415 marchioni
755 3377 791 3423 M,·
810 3377 910 3416 Marchlo
925 3377 970 3418 El.
1023 3376 1040 3424 l)
1052 3377 1084 3414 sla
1097 3375 1122 3417 ΙΙ.
1136 3376 1166 3417 ΙΙ.
1180 3376 1206 3418 R.
1224 3375 1247 3418 V.
1261 3375 1294 3422 N,-

177 3431 272 3479 glorioae
286 3431 305 3471 1.
352 3429 383 3480 m)
396 3429 518 3480 malaleybr'r
532 3429 566 3481 E‚·
580 3428 702 3469 maltlelbin
717 3433 741 3480 15
756 3429 896 3480 Mamloybin
910 3430 942 3476 12‚·
956 3429 1078 3469 Molrleben
1097 3429 1125 3476 V,·
1140 3429 1250 3469 basleben
1265 3429 1294 3472 M.

142 3483 202 3532 ton)
216 3484 247 3522 etc
260 3493 343 3530 cmm
356 3485 435 3522 recenti
449 3494 515 3522 manu
528 3483 598 3532 suppl.
612 3483 697 3522 einrico
710 3485 730 3522 1.
771 3482 793 3532 o)
808 3482 924 3533 Ebeleybr'r
938 3483 963 3524 Ε.
1004 3483 1027 3531 p)
1041 3482 1250 3522 Sanctimonlallbus
1263 3482 1294 3526 ΙΙ,-

178 3535 383 3577 Sanotlmoninllum
397 3537 427 3576 ΙΙ.
490 3539 512 3585 q)
526 3537 611 3576 eclesiis
625 3536 659 3588 E,·
679 3536 774 3576 ecclesie
787 3537 816 3579 Μ,
877 3535 897 3588 r)
911 3546 953 3575 nec
966 3535 992 3578 Ε.
1007 3537 1042 3584 N,·
1062 3546 1104 3576 om.
1120 3536 1149 3578 ΙΙ.
1210 3535 1231 3586 ι)
1243 3546 1294 3586 αφ·

176 3591 247 3639 plenu
262 3601 302 3632 om.
317 3593 335 3632 1.
349 3590 376 3633 Ε.
389 3591 418 3632 ΙΙ,
433 3590 459 3632 R.
473 3589 495 3632 V.
510 3590 540 3629 N.
582 3589 599 3640 t)
612 3591 643 3628 stc
656 3589 714 3632 ΒΜ.
728 3589 756 3648 Ε..
766 3589 818 3640 (Μ).
835 3590 861 3632 Β.
879 3589 907 3638 V,
921 3588 974 3629 dum
988 3600 1076 3630 rursum
1090 3589 1108 3632 Ι.

181 3767 207 3833 1)
226 3767 269 3831 Of.
288 3772 390 3818 carram
409 3767 647 3831 confoederationis
667 3765 768 3819 Ottoaie
781 3766 818 3820 ΙΙ.
834 3769 970 3835 principat
987 3767 1019 3818 de
1036 3766 1140 3818 Ankale
1158 3771 1181 3817 st
1199 3766 1294 3818 lisde-

178 3839 232 3888 ricr'
248 3838 413 3890 marchionis
429 3839 522 3889 ἀαεαηι
540 3841 569 3888 ia
587 3840 684 3889 matrab
702 3837 776 3904 opud
794 3838 881 3889 wele
900 3841 977 3894 1309.
997 3839 1064 3904 Apr.
1079 3841 1104 3904 1,
1126 3836 1154 3891 0.
1167 3853 1217 3890 con
1229 3837 1295 3889 Hes·-

142 3924 301 3973 4ommann,
322 3909 410 3960 Codex
427 3909 535 3975 diplom.
552 3909 662 3960 Anhalt.
682 3908 736 3971 III,
760 3926 786 3976 p.
801 3911 852 3963 122
864 3925 912 3976 aq„
934 3925 976 3963 nr.
992 3911 1051 3964 183.
1114 3909 1142 3974 2)
1158 3906 1211 3960 LX
1228 3925 1294 3960 aar·

178 3982 251 4032 ratio
268 3981 346 4044 infra
365 3981 518 4048 appendicis
541 3981 595 4032 loco
619 3981 675 4043 (nr.
696 3980 716 4030 I
717 3981 750 4035 V)
775 3981 855 4045 adia,
874 3981 922 4031 ubi
942 3981 1028 4046 pluro
1046 3979 1078 4030 da
1096 3979 1146 4032 hac
1163 3980 1234 4032 clade
1251 3983 1295 4032 in-

179 4052 257 4104 venis.
323 4051 352 4118 3)
372 4051 536 4103 Monastmc
554 4051 656 4102 Montis
674 4051 700 4104 S.
714 4050 796 4104 Petri.
869 4053 897 4119 4)
916 4051 1061 4102 Heinricue
1078 4051 1110 4103 de
1127 4051 1293 4104 Mammam

179 4122 300 4174 sacerdos
325 4124 440 4173 ormrrit
464 4124 494 4174 in
518 4127 594 4174 cana
615 4123 681 4173 data
705 4138 730 4174 a.
751 4123 829 4177 1310.
854 4123 918 4176 Noc.
938 4124 982 4187 27,
1006 4121 1099 4186 chcr,
1120 4122 1187 4175 ‘Ua
1210 4123 1235 4176 d.
1255 4121 1293 4176 st.

180 4193 301 4256 Erfurt'
319 4193 344 4258 I,
367 4211 396 4260 p.
416 4195 477 4255 395,
502 4209 544 4246 nr.
564 4195 624 4248 562.
663 4193 706 4256 Of.
725 4193 802 4247 Necr.
824 4193 851 4247 S.
872 4192 987 4257 Mariae,
1013 4193 1099 4260 Mona,
1119 4193 1196 4247 ‘Ana
1215 4193 1238 4256 s.
1256 4193 1293 4247 K.

142 4264 204 4320 sod.
225 4263 370 4316 Demaden
393 4263 513 4317 Vcrzeit'
539 4265 615 4320 1835.
641 4264 687 4317 ccl.
708 4265 775 4318 144:
802 4261 873 4318 Non.
900 4262 974 4331 Sept.
1003 4262 1071 4317 obiit
1095 4261 1233 4317 Hem-icus
1260 4262 1294 4316 de

180 4333 344 4402 Malsleybin
362 4333 441 4386 huius
460 4333 573 4388 ecclesie
592 4333 745 4388 canonicus.

1047 4443 1082 4496 22
