3232 4856
339 379 393 432 498
739 373 905 430 cleonice
923 375 1058 431 MINOR.

341 560 416 623 dam
438 559 553 622 muco
570 555 695 638 prioris
716 555 840 622 scribae
862 556 1007 622 cureuil.
1058 557 1120 640 Qui
1149 563 1300 622 uetustum
1329 577 1407 622 sano
1429 563 1460 622 et

341 646 421 710 sotis
451 646 563 710 bonum
593 644 709 709 librum
738 644 950 727 neqleqentius
978 645 1015 710 iu
1045 646 1207 727 eccemplar
1228 644 1456 726 transscripsit,

340 733 448 799 multis
469 733 592 798 annalis
615 732 730 798 librum
752 734 944 799 maculauit1
968 740 997 799 et
1012 733 1205 816 praesertim
1219 755 1311 815 saepe
1328 733 1458 816 sinqula

341 825 436 888 uerbo
464 823 512 887 cel
531 823 632 903 pluro
661 822 775 903 maisit,
805 829 841 887 ut
862 822 1028 904 aliquoties
1050 821 1191 904 quaestio
1214 822 1348 902 oriaticr,
1381 843 1457 886 uum

342 910 410 992 loci,
434 911 489 993 qui
512 911 549 976 in
571 912 628 975 lcoc
651 911 753 976 codice
776 913 895 992 desunt,
920 911 958 976 in
979 911 1161 976 recensione
1175 911 1489 991 Acarnaniam

341 1002 381 1065 ab
412 1000 468 1064 icoc
495 1005 617 1065 matum
645 998 751 1064 scriba
781 998 891 1064 omissi
920 999 993 1080 sint
1025 1006 1059 1065 al
1087 1000 1144 1065 lucc
1167 1021 1258 1082 saepe
1280 999 1457 1064 diiudicari

381 1095 438 1154 test
470 1088 579 1153 collato
1133 1123 1136 1130 ,

336 1109 380 1170 po
436 1139 527 1260 ’12)
559 1175 719 1242 Olrronico
750 1176 994 1257 Veterocellensi,
1017 1177 1101 1259 quod
1123 1178 1218 1242 codecc
1239 1175 1458 1241 universitatis

342 1265 655 1347 Lipsiensismr.
676 1270 769 1344 1314,
798 1267 925 1330 membr.
950 1287 1030 1331 saec.
1050 1265 1160 1346 XIII,
1191 1264 1216 1344 f.
1237 1265 1365 1329 1-48‘.
1389 1285 1458 1330 con·

343 1354 428 1419 tinet.
474 1355 520 1418 In
549 1355 605 1420 looc
627 1353 712 1418 euim
740 1353 909 1434 Cicronr'co,
937 1355 975 1419 de
997 1375 1057 1435 quo
1079 1355 1129 1436 eqi
1154 1353 1208 1418 ίΝ.
1230 1353 1367 1418 Arcloio'
1399 1354 1497 1433 VI,10

336 1465 372 1524 p.
398 1448 591 1524 401-414,
622 1463 758 1524 maqnae
786 1448 899 1524 partes
927 1464 966 1507 en
999 1441 1138 1508 Grouica
1167 1442 1299 1508 Minore
1330 1441 1459 1524 primae

343 1531 536 1597 recensionis
564 1553 662 1612 nsque
691 1533 736 1596 ad
763 1554 793 1595 a.
821 1537 914 1595 1261.
946 1538 976 1597 cl
997 1531 1189 1612 praesertim
1219 1537 1357 1596 entrema
1390 1531 1459 1596 eius

215 1691 219 1698 ,
337 1641 420 1702 pars
454 1622 494 1684 ab
524 1643 555 1685 a.
582 1625 676 1683 1219.
705 1641 810 1702 paene
841 1619 967 1702 inleqra
997 1618 1171 1702 descriptae
1200 1625 1282 1684 sunt.
1330 1619 1394 1684 Sed
1422 1618 1459 1684 in

336 1707 503 1791 prioribus
523 1708 673 1790 portibus
701 1708 857 1774 Oloronici
877 1707 1078 1789 paenissime
1100 1729 1138 1773 erc
1165 1707 1303 1774 Oronica
1327 1707 1459 1772 Minore

343 1799 381 1862 de
402 1797 654 1879 imperatoribus,
677 1817 810 1878 quornm
832 1796 999 1862 historiam
1014 1797 1186 1862 monachus
1208 1795 1459 1862 Veterocellensis
1471 1828 1498 1868 ιι

344 1905 382 1950 eu
409 1884 564 1951 Chronici
592 1885 785 1951 uniuersalis
809 1885 963 1951 Senonici
989 1885 1132 1951 versione
1154 1885 1328 1968 descripsit,
1354 1886 1459 1966 plera·

343 1995 401 2054 que
430 1975 469 2039 de
492 1973 698 2056 pontificibus
720 1973 878 2039 Romanis
904 1981 1049 2056 excerpto
1072 1981 1154 2040 sunl.
1202 1974 1339 2040 Numeri
1361 1995 1459 2039 anuo

343 2083 415 2126 mnu
438 2063 505 2142 fere
528 2084 634 2127 munes
656 2061 765 2127 mulsei
787 2069 869 2127 snut.
916 2064 988 2128 Hoc
1010 2063 1114 2128 codice
1141 2063 1243 2146 iqitur
1263 2062 1379 2128 iterum
1401 2063 1459 2127 col·

345 2151 408 2215 lato
431 2172 522 2232 caepe
546 2150 688 2232 coquosoi
711 2150 825 2232 potuit,
856 2153 937 2232 qude
959 2175 981 2216 a
1008 2151 1114 2216 scriba
1143 2151 1260 2217 codicis
1282 2150 1460 2234 Praqeusis

343 2239 458 2304 uitiata
481 2246 509 2305 et
531 2238 648 2304 omissa
670 2239 744 2320 sint,
774 2260 854 2321 quae
877 2241 1062 2322 plerunrque
1091 2262 1131 2305 ne
1159 2239 1312 2306 adnotavi
1334 2239 1497 2321 quidemn,

343 2327 387 2392 iis
416 2327 501 2409 locis,
532 2348 608 2410 quos
637 2329 732 2393 codex
761 2327 941 2410 Lipsiensis
969 2328 1109 2411 inteqros
1139 2330 1300 2410 praelecti
1349 2329 1459 2409 Neque

344 2422 449 2482 tanuen
477 2416 591 2498 ubique
619 2437 727 2481 veram
756 2416 916 2481 lectionem
945 2415 1138 2482 recensionis
1160 2418 1193 2482 A
1224 2417 1381 2497 labemus,
1404 2415 1459 2480 ubi

344 2505 408 2569 Al
432 2513 461 2570 et
483 2506 547 2570 As
571 2504 767 2585 conueniunt,
792 2526 861 2570 cum
878 2511 991 2586 pateat
1012 2511 1041 2570 et
1056 2506 1251 2589 Praqensem
1273 2511 1303 2570 et
1324 2505 1460 2571 codicem

344 2593 539 2676 deperditum
558 2593 712 2659 Orcnicae
734 2593 880 2658 Minoris
898 2594 1168 2660 Veterocellensem
1190 2615 1230 2659 en
1252 2595 1356 2659 eodem
1378 2593 1460 2658 libro

344 2682 412 2748 iam
445 2683 565 2764 aliquot
596 2682 719 2748 mendis
753 2683 932 2763 depravato,
966 2704 1031 2748 non
1064 2703 1103 2748 erc
1137 2682 1271 2748 diuersis
1302 2682 1498 2756 cecinens„

345 2792 384 2836 ea
406 2771 601 2853 autoqraplio
623 2770 816 2836 recensionis
839 2771 869 2835 I.
895 2770 1068 2853 descriptis,
1087 2772 1247 2852 prefectos
1270 2793 1335 2837 esse
1344 2772 1365 2834 ³.

451 2858 657 2924 Recensionis
686 2859 819 2925 alterius
849 2858 932 2924 anni
964 2865 1058 2924 1265.
1090 2859 1155 2942 (B)
1190 2859 1315 2941 quidem
1348 2859 1461 2924 mullos

344 2949 494 3014 labemus
517 2948 643 3028 codices,
668 2949 723 3012 sed
737 2969 844 3012 munes
860 2955 1017 3030 postremo
1041 2951 1086 3014 od
1106 2970 1206 3014 unum
1228 2948 1295 3013 iam
1310 2951 1461 3030 deprarm

346 3043 410 3102 tum
432 3043 462 3102 et
482 3036 590 3101 multis
611 3036 735 3100 mendis
756 3037 949 3101 maculatum
972 3037 1086 3102 librum
1101 3039 1233 3103 redeunt
1241 3039 1263 3102 ⁴.
1299 3038 1379 3102 Ideo
1396 3057 1462 3101 non

345 3284 447 3348 fuctum
464 3285 509 3346 eet,
529 3296 561 3332 nc
578 3282 691 3346 numni,
716 3285 746 3331 ut
764 3280 826 3344 sueri
842 3279 946 3347 solebat,
967 3297 984 3332 a
1002 3283 1069 3332 medi
1092 3287 1115 3333 d
1136 3282 1282 3348 neqleqeute
1299 3282 1388 3334 scribo
1405 3297 1499 3340 cor-eo

345 3358 541 3420 rumperentur.
622 3350 648 3419 1)
668 3351 703 3402 Iu
720 3352 815 3404 medie's
832 3354 968 3404 sententies
985 3352 1064 3404 nullu
1082 3355 1162 3419 siquo
1179 3353 1357 3406 distinctionis
1370 3355 1463 3419 posita

345 3431 416 3478 uuit.
435 3431 469 3462 '-
489 3423 524 3474 Iu
541 3421 626 3474 oerbc's
644 3437 714 3474 enno
727 3420 838 3474 Domini
855 3438 957 3489 semper
975 3423 1032 3488 fere
1049 3423 1139 3476 littera
1151 3423 1178 3476 A
1196 3426 1281 3476 minio
1297 3426 1399 3490 surpta
1416 3430 1461 3489 eu,

345 3511 422 3562 saepe
440 3495 518 3546 etiam
532 3493 611 3558 falso,
630 3492 678 3543 uln'
688 3508 759 3544 enno
772 3491 884 3546 Domini
901 3494 988 3546 media
1006 3497 1035 3545 iu
1053 3497 1181 3548 omnnia
1199 3495 1305 3561 leqitur.
1360 3495 1389 3563 2)
1412 3495 1464 3547 Ubi

346 3566 426 3618 codex
438 3566 486 3620 Al
500 3564 595 3616 mmdu
606 3563 691 3628 naba,
709 3565 759 3618 112
771 3579 831 3616 oero
843 3580 933 3616 oerum
945 3565 1083 3632 lectionem,
1103 3566 1151 3619 hcc
1162 3568 1280 3619 indicaui
1290 3566 1381 3618 addito
1396 3568 1462 3632 (non

346 3636 403 3692 An
425 3636 465 3689 ccl
482 3635 535 3690 An
554 3637 585 3687 ut
604 3632 667 3703 ed.),
685 3651 744 3686 oum
762 3651 815 3687 uon
833 3636 963 3687 wnomri
975 3639 1101 3704 potuerit,
1122 3653 1189 3705 quae
1210 3640 1240 3688 in
1258 3639 1312 3691 112
1330 3643 1501 3704 excerptum

347 3723 413 3776 quae
431 3709 528 3760 musaea
546 3709 608 3759 sicul.
663 3707 691 3772 8)
710 3705 785 3756 Velut
796 3706 882 3761 Anu
900 3706 996 3758 nocem
1014 3705 1120 3760 Gother
1132 3724 1187 3777 pro
1204 3707 1319 3776 Sether3
1339 3707 1464 3760 civitates

347 3780 407 3834 Al.
418 3781 443 3846 2,
461 3779 510 3828 ubi
532 3777 631 3843 reliqui
654 3775 721 3827 libri
743 3784 810 3829 recte
834 3775 991 3847 civitatum
1017 3777 1185 3848 degradandi
1203 3778 1239 3832 ub
1258 3778 1390 3847 episcopis
1408 3783 1463 3831 tre·

348 3848 431 3902 dendi
443 3850 468 3901 A
480 3851 503 3904 1.
516 3851 542 3912 2,
561 3847 610 3898 ubi
626 3847 724 3914 reliqui
740 3855 807 3901 recte
824 3846 966 3918 degredeti
985 3849 1019 3902 ab
1033 3867 1074 3916 ep.
1088 3849 1231 3903 trudentur
1243 3851 1346 3904 hamul.
1375 3849 1463 3901 Plura

348 3937 401 3972 non
418 3920 497 3984 oddo,
515 3921 643 3986 qtmniam
660 3921 716 3986 ipos
735 3920 814 3972 lector
832 3921 861 3970 in
880 3927 1017 3988 apparatu
1035 3923 1125 3973 critim
1143 3922 1223 3986 facile
1239 3923 1326 3974 multa
1343 3923 1464 3989 reperiet,

348 3992 444 4059 quibus
461 3991 508 4042 hoc
522 3991 665 4058 probmur.
742 3993 771 4056 4)
789 3990 864 4053 mua
881 3997 910 4042 ut
927 3993 1100 4044 deruonstrem
1118 3993 1220 4057 ucfficit
1238 3992 1359 4045 malisse
1376 4007 1503 4051 omuesuo

348 4063 445 4114 codices
463 4062 642 4114 incursionum
659 4061 694 4114 B.
713 4061 739 4112 D
761 4061 810 4113 sul
828 4077 853 4116 a.
871 4063 946 4116 1241.
965 4062 1111 4130 peregrina
1129 4061 1220 4116 menie
1241 4063 1281 4116 od
1296 4079 1353 4131 per.
1373 4061 1465 4116 medie

349 4133 389 4186 ool
411 4133 518 4185 uerbum
542 4131 633 4184 menie
657 4133 716 4184 alio
733 4133 810 4185 modo
828 4139 984 4201 corruptum
999 4135 1126 4201 praelue
1139 4133 1356 4203 properegrins
1374 4132 1463 4188 turba.

349 4203 404 4256 Sul
429 4220 454 4258 o,
475 4205 552 4258 1245.
578 4203 657 4254 iidem
681 4203 786 4270 codices,
811 4204 857 4256 sed
883 4211 907 4256 ct
930 4206 1011 4257 cocere
1037 4207 1133 4257 unimus
1159 4211 1272 4272 quartae
1295 4207 1463 4271 recursionis,

349 4274 461 4326 halent:
479 4271 599 4326 Oleriooc
617 4273 718 4342 quippe
738 4273 865 4327 collectos
883 4273 1073 4343 multiplieiter
1086 4291 1141 4343 pro
1154 4273 1273 4330 Olericoe
1291 4276 1392 4344 quippe
1409 4277 1465 4330 col-

349 4343 426 4397 lectis
445 4347 472 4396 et
491 4343 562 4395 taliis
579 4343 697 4412 multipl.
1474 4365 1504 4406 en
