3222 4850
320 317 374 372 244
416 311 582 369 saculos
596 311 622 368 S.
633 309 749 365 PETRI
761 308 1023 366 ERFORDENSIS
1035 307 1125 364 MOD.
1146 311 1182 368 A.
1194 315 1270 368 1251.
1283 315 1359 370 1252.

234 508 310 561 1251.
429 497 543 560 'Anno
575 495 715 572 Domini
745 493 900 559 MOOLI.
948 491 1126 558 cristanus
1158 496 1338 579 episcopus
1368 496 1544 560 ouo-aas

321 587 482 671 gentinus
512 585 746 668 episcopatum
777 587 899 666 sponte
922 583 1125 665 resignavit;
1158 585 1213 648 cui
1238 583 1438 648 Gerhardus

161 665 517 768 fflffljsuccessitt
629 678 697 736 Hoc
720 679 844 736 eciam
873 694 955 735 anno
983 678 1015 734 in
1040 678 1156 736 ieiunio
1179 681 1356 736 autumnali
1381 681 1439 738 sol·

320 771 440 828 lemnes
470 768 616 826 celebrati
646 772 722 824 sunt
751 767 875 824 ordines
906 767 1077 842 Erphordie
1107 769 1140 824 in
1175 769 1305 826 ecclesia
1336 771 1439 826 sancti

321 858 404 916 Petri
427 858 466 915 ab
489 857 636 914 Heinrico
658 856 963 913 Hildenesheimeusi
986 856 1141 931 episcopo.
1458 879 1471 918 s

234 941 310 995 1252.
426 941 528 1004 Anno
540 939 681 1004 Domini
696 937 872 1002 MOOLII.
896 936 1095 1002 Gerhardus
1112 940 1291 1023 episcopus
1306 939 1440 1004 electus

223 1029 511 1114 Fabathlrphordie
535 1028 720 1112 suscipitur
735 1027 784 1090 II.
800 1027 918 1091 Nonas
935 1027 1112 1092 Februarii
1135 1029 1173 1091 in
1197 1031 1313 1094 monte
1337 1029 1440 1093 beate

187 1119 429 1184 cerumar-ie
452 1117 593 1201 virginis
603 1117 625 1179 ².
716 1117 844 1180 Eodem
869 1137 959 1179 anno
983 1119 1138 1180 mortuus
1163 1117 1236 1182 est³
1253 1117 1439 1181 Heinricus

320 1207 490 1291 quondam
523 1207 628 1270 abbas
652 1205 777 1269 montis
808 1209 1004 1268 sanctorum
1028 1206 1260 1288 apostolorum
1284 1205 1379 1271 Petri
1403 1209 1439 1270 et

244 1313 310 1360 aa.
321 1295 420 1360 Pauli
444 1297 480 1359 in
497 1294 724 1378 Erphordia⁸.
799 1299 891 1374 Ipso
914 1316 997 1357 anno
1014 1301 1216 1375 Mogontinus
1240 1317 1260 1358 a
1275 1302 1357 1358 clero
1381 1318 1476 1358 suoro

320 1393 502 1449 vicesimam
525 1389 637 1464 eregit.

186 1479 312 1521 enasor.
427 1467 560 1520 Eodem
585 1483 656 1519 anno
675 1463 828 1519 thidericus
854 1464 991 1533 quondam
1016 1465 1174 1534 imperator,
1193 1465 1240 1520 sed
1259 1467 1440 1520 anathemati·

319 1537 415 1593 zatusb
438 1544 466 1592 et
484 1537 618 1606 imperiali
635 1537 738 1590 honore
757 1536 887 1604 privatus,
906 1553 1012 1591 veneno
1031 1537 1134 1590 interiit
1153 1542 1180 1591 et
1196 1537 1295 1592 misere
1313 1543 1439 1592 mortuus

320 1610 349 1664 in
377 1610 420 1664 die
448 1615 542 1662 sancte
566 1607 651 1662 Lucie
678 1607 791 1677 virginis
817 1611 844 1660 et
869 1608 995 1675 martiris,
1021 1607 1143 1676 sepultus
1162 1613 1202 1662 est
1221 1609 1295 1678 apud
1313 1609 1439 1678 Fogiam.

321 1681 377 1734 Iste
395 1680 551 1734 Fridericus
569 1679 725 1746 imperator,
751 1678 821 1731 sicut
837 1677 959 1746 prefatus
985 1695 1056 1746 papa
1074 1677 1255 1733 innocencius
1280 1680 1308 1732 in
1327 1679 1476 1734 decretura

322 1751 498 1820 Lugdunensi
523 1750 624 1815 scribit,
652 1749 803 1802 irritavit
830 1749 1000 1816 multociens,
1023 1767 1118 1818 pacem
1145 1751 1216 1804 iuter
1242 1751 1383 1804 ecclesiam
1411 1755 1439 1805 et

321 1822 466 1890 imperium
484 1821 660 1874 reformatam
679 1825 781 1874 temere
799 1819 919 1874 violavit.
958 1817 1131 1888 Perpetravit
1150 1821 1235 1876 eciam
1254 1822 1438 1892 sacrilegium,

322 1893 383 1960 capi
402 1891 501 1946 iaciens
521 1892 588 1945 duos
605 1891 755 1945 cardinales
774 1897 864 1944 sancte
877 1889 1002 1945 Romane
1021 1892 1141 1954 ecclesie,
1160 1892 1291 1946 Ottonem
1303 1893 1440 1947 Portuen-
1480 1949 1484 1956 ,

323 1981 380 2017 sem
401 1969 428 2017 et
446 1964 577 2017 Iacobum
596 1961 786 2016 Prenestinum
813 1961 963 2030 episcopos,
989 1979 1021 2014 ac
1046 1963 1163 2016 aliarum
1182 1963 1358 2017 ecclesiarum
1376 1983 1439 2033 pre·

322 2035 392 2087 latos
417 2037 444 2087 et
469 2035 588 2094 clericos,
614 2033 754 2101 religiosos
780 2036 807 2085 et
825 2033 959 2086 seculares
978 2032 1117 2088 venientes
1137 2035 1171 2087 ad
1190 2034 1345 2100 concilium,
1364 2035 1476 2102 quodao

322 2122 393 2174 papa
411 2104 560 2175 Gregorius
578 2103 628 2158 IX.
648 2104 736 2158 Roma
755 2103 871 2157 duxerat
889 2105 1101 2171 convocandum,
1120 2106 1194 2173 qaod
1211 2106 1269 2174 ipse
1288 2105 1439 2174 imperator

322 2177 458 2245 petiverat
477 2175 626 2230 convocari.
664 2175 725 2228 Hos
742 2175 862 2243 prelatos
881 2192 943 2228 cum
963 2175 1067 2228 clericis
1085 2177 1114 2228 in
1133 2175 1268 2230 Siciliam
1288 2178 1354 2230 t'ecit
1372 2177 1438 2231 diris

323 2246 476 2301 carceribus
495 2246 651 2315 mancipari,
672 2247 832 2315 quibusdam
859 2245 887 2298 in
905 2245 974 2298 mari
993 2247 1096 2302 mersis.
1133 2246 1269 2302 Ecclesiae
1287 2247 1330 2302 XI
1350 2249 1438 2302 arohi-

322 2319 489 2387 episcopales
515 2321 542 2371 et
569 2319 668 2370 multas
696 2318 870 2386 episcopales,
890 2317 1015 2370 abbacias
1043 2335 1150 2386 quoque
1177 2336 1208 2371 ac
1227 2319 1293 2372 alias
1312 2319 1438 2373 ecclesias

321 2391 488 2458 prelatorum
507 2389 639 2458 regimine
659 2388 782 2441 destituit
801 2388 829 2440 in
847 2404 933 2456 regno
952 2405 1014 2442 suo
1033 2388 1062 2442 in
1078 2407 1161 2458 grave
1180 2390 1301 2458 ipsarum
1319 2389 1475 2459 preiudi-as

322 2461 394 2514 cium
422 2465 450 2514 et
477 2461 628 2529 periculum
657 2461 815 2514 animarum.
854 2457 1039 2511 Ecclesiarum
1066 2477 1122 2513 non
1141 2461 1228 2514 solum
1249 2461 1391 2515 facultates
1411 2467 1439 2515 et

230 2542 257 2589 η’.
266 2542 311 2582 168.
322 2533 394 2586 hona
413 2531 485 2598 fecit,
504 2535 587 2599 prout
605 2531 712 2598 'voluit
732 2529 867 2598 occupari,
886 2529 1038 2583 sedeciam
1058 2549 1159 2596 cruces,
1181 2533 1280 2586 calices
1299 2538 1332 2585 et
1350 2533 1438 2586 thuri·

322 2603 387 2656 bula
414 2609 442 2656 et
470 2603 538 2654 alios
563 2617 651 2654 sacros
671 2611 783 2654 earume
808 2600 948 2654 thesauros
968 2609 995 2654 et
1012 2618 1117 2670 pannos
1136 2603 1236 2656 sericos
1254 2605 1329 2657 velut
1349 2603 1438 2657 cultus

322 2673 406 2726 divini
434 2677 606 2741 contemptor
633 2672 734 2726 auferri
761 2671 845 2726 iussit.
884 2670 1001 2724 Clericos
1028 2674 1129 2742 quippe
1157 2675 1278 2727 collectis
1304 2679 1331 2728 et
1355 2675 1438 2727 talliis

323 2744 510 2813 multipliciter
529 2743 615 2812 affligi
632 2743 797 2812 procurarit,
816 2759 867 2796 nec
886 2745 974 2795 solum
991 2743 1171 2797 trahebantur
1196 2745 1230 2798 ad
1249 2745 1378 2798 iudicium
1397 2762 1476 2802 se-so

322 2816 420 2882 calare,
440 2814 487 2868 sed
506 2816 674 2882 cogebantur
691 2815 781 2867 subire
800 2813 899 2880 duella,
925 2813 1171 2884 incarcerabantur‚
1197 2817 1392 2870 occidebantur
1411 2820 1440 2870 et

322 2885 451 2954 patibulis
470 2885 662 2938 cruciabantur
679 2886 707 2937 in
727 2885 913 2938 confusionem
932 2891 960 2938 et
978 2885 1157 2954 obprobrium
1176 2887 1278 2940 ordinis
1298 2888 1438 2943 clericalis.

322 2957 363 3010 De
393 2957 480 3010 heresi
508 2973 614 3024 quoque
644 2961 783 3024 suspectus
810 2955 968 3008 habebatur.
1015 2955 1086 3010 Nam
1117 2965 1260 3026 postquam
1289 2957 1439 3028 Gregorius

323 3045 394 3096 papa
406 3027 457 3082 IX.
476 3028 565 3096 ipsum
584 3027 763 3080 anathematis
775 3026 885 3079 vinculo
904 3027 1053 3094 innodavit,
1073 3035 1100 3080 et
1118 3033 1179 3097 post
1197 3029 1437 3097 captivacionem

323 3098 510 3164 cardinalium,
537 3098 704 3166 prelatorum
734 3103 761 3150 et
780 3097 940 3150 clericorum
969 3098 1003 3150 ad
1022 3098 1114 3152 sedem
1132 3101 1308 3168 apostolicam
1328 3101 1475 3156 venien-as

323 3170 394 3222 cium
414 3171 502 3223 claves
521 3169 633 3222 ecclesie
647 3169 818 3238 contempsit,
838 3169 891 3221 sibi
909 3169 1010 3222 faciens
1023 3171 1154 3223 celebrari
1173 3172 1217 3224 vel
1230 3173 1333 3239 pocius,
1352 3189 1438 3239 quan·

321 3245 381 3294 tum
407 3240 434 3293 iu
460 3258 491 3293 eo
518 3239 605 3308 fuit,
630 3239 796 3308 prophanari
822 3239 927 3308 divina;
956 3241 1063 3309 scripsit
1087 3245 1113 3294 et
1132 3243 1244 3295 asseruit
1263 3260 1290 3296 sc
1310 3241 1439 3312 Gregorii

321 3329 392 3381 pape
411 3311 561 3366 sentencias
580 3329 634 3364 non
652 3311 740 3364 vereri
770 3317 797 3365 et
816 3311 906 3380 coegit
925 3311 991 3364 alios
1011 3313 1161 3366 sentencias
1179 3313 1291 3381 papales
1309 3331 1364 3366 non
1383 3331 1438 3368 ser-

322 3401 394 3439 vare.
431 3383 559 3436 Preterea
586 3383 745 3436 coniunctus
773 3382 896 3436 amicicia
921 3382 1075 3436 detestabili
1094 3383 1250 3437 Sarracenis
1268 3385 1393 3437 nunetios
1411 3389 1439 3437 et

324 3473 438 3508 munera
451 3472 546 3508 eorum
566 3471 627 3506 cum
647 3453 805 3507 hilaritated
823 3461 851 3507 et
869 3453 1081 3507 honorificencia
1099 3455 1203 3523 recepit
1223 3461 1250 3508 et
1268 3473 1381 3508 munera
1401 3455 1476 3508 eisao

322 3527 423 3596 pluries
450 3525 602 3580 destinavit.
639 3523 720 3579 Ritu·
749 3543 843 3578 eorum
871 3525 1046 3594 amplectens,
1072 3525 1133 3578 illos
1160 3527 1189 3578 in
1208 3527 1364 3580 cottidianis
1382 3527 1439 3578 sius

323 3597 457 3666 obsequiis
476 3614 568 3650 secum
588 3597 683 3649 tenuit.
721 3595 847 3650 Existens
867 3597 957 3649 enim
981 3597 1038 3665 ipse
1058 3595 1226 3664 inpartibus
1245 3597 1438 3664 transmarinis,

322 3669 395 3722 sacta
422 3668 621 3736 composicione
649 3667 774 3736 quiedam,
802 3683 895 3736 ymmo
923 3667 1072 3720 collusione
1099 3668 1196 3736 verius,
1225 3685 1286 3721 cum
1317 3669 1438 3736 soldano,

322 3739 490 3793 blachometi
516 3757 616 3792 nomen
643 3740 672 3792 in
699 3739 803 3808 templo
823 3738 931 3791 Domini
950 3739 1045 3792 diebus
1073 3755 1105 3792 ac
1129 3738 1256 3792 noctibus
1274 3740 1438 3807 proclamari

322 3810 452 3880 permisit.
481 3809 596 3863 Bacario
615 3809 673 3880 regi
686 3809 846 3874 scismatico,
866 3809 916 3863 Dei
930 3815 957 3862 et
970 3809 1081 3863 ecclesie
1100 3810 1211 3864 inimico
1230 3814 1257 3863 et
1269 3809 1438 3863 sollemniter
1447 3823 1476 3861 ts

323 3881 566 3949 excommunicato,
586 3897 662 3932 suam
681 3879 765 3932 tiliam
784 3880 897 3933 tradidit
915 3880 942 3932 in
962 3899 1083 3936 uxorem.
1114 3881 1218 3934 Ducem
1232 3880 1354 3934 Bassaris
1373 3881 1439 3934 fecit

322 4066 344 4109 a)
359 4060 461 4110 erphord.
476 4062 493 4102 1.
548 4059 570 4107 b)
585 4059 784 4098 anathematismus
799 4061 818 4100 1.
878 4061 898 4107 c)
913 4070 988 4099 eorum
1002 4059 1119 4098 thezauros
1134 4063 1153 4100 1.
1217 4059 1240 4108 d)
1255 4058 1403 4100 hlhiluruate
1418 4062 1438 4099 l.

324 4223 349 4279 ll
364 4220 404 4283 Cf.
417 4222 488 4273 Ana.
503 4217 638 4286 arphad.
655 4235 684 4285 p.
699 4221 756 4273 109.
818 4220 845 4283 2)
866 4219 907 4282 Cf.
928 4219 991 4270 ibid.
1009 4235 1038 4285 p.
1054 4223 1112 4274 110.
1172 4221 1199 4286 3)
1215 4219 1267 4270 Da
1278 4219 1360 4272 XIII.
1375 4219 1439 4274 Kal.

325 4292 416 4352 llari,
435 4291 538 4342 Neocl.
558 4291 585 4343 S.
600 4289 675 4341 Petri
691 4291 745 4344 eorl.
765 4289 882 4354 Holror'or',
904 4291 946 4342 GV.
962 4290 1074 4342 Archio’
1087 4290 1187 4356 XXII,
1204 4309 1233 4358 p.
1246 4293 1307 4346 513.
