3236 4850
304 381 359 434 324
439 375 607 431 ORONIOA
619 375 648 431 S.
657 374 774 430 PETRI
786 373 1048 429 ERFORDENSIS
1060 373 1151 429 MOD.
1170 373 1294 430 A.130a

306 561 450 625 Rancie
480 559 623 623 audiens
652 559 764 636 fedus,
794 559 886 642 quod
916 578 1029 622 comes
1053 556 1214 620 Flandrie
1238 578 1315 620 cum
1338 576 1422 640 rege

216 649 432 732 1296.Anglie
452 649 593 725 fecerat,
617 648 708 711 viam
724 667 956 732 preoccupans
967 647 987 722 ¹,
1010 647 1120 730 ipsam
1137 646 1238 729 cepit.
1274 645 1423 729 Insuper

217 745 295 799 1297.
306 738 563 821 expedicionem
592 737 630 799 in
654 737 851 800 Flandriam
881 736 1022 811 faciens,
1048 735 1208 798 comitem
1239 755 1318 797 cum
1347 733 1420 797 filio

218 834 368 891 1300.su0
391 829 427 890 et
450 847 527 889 cum
552 825 629 889 aliis
652 825 771 888 multis
801 824 975 889 nobilibus
1005 824 1120 906 cepit²
1142 823 1420 906 provinciamque

305 916 456 999 graviter
479 915 698 998 depredatur.
745 912 887 977 Cunctis
909 913 1018 995 igitur
1044 911 1110 976 sibi
1133 912 1296 976 subiectis
1320 913 1456 975 advo-s

306 1007 401 1068 catos
423 1003 460 1066 in
484 1003 683 1067 civitatibus
706 1005 742 1066 et
758 1003 879 1066 castris
901 1001 1056 1065 instituit
1079 1021 1157 1064 cum
1173 1021 1277 1064 manu
1292 999 1419 1076 valida,

305 1094 378 1176 ipse
401 1113 482 1156 vero
505 1093 549 1155 ad
574 1092 711 1176 propria
733 1091 908 1155 remeavit.
952 1090 1180 1154 Flandrenses
1202 1110 1282 1154 vero
1305 1089 1420 1152 viden-

305 1185 358 1245 tes
388 1181 558 1264 graviter*
586 1201 621 1244 se
651 1181 798 1263 opprimi
828 1179 983 1262 filiasque
1013 1199 1091 1242 suas
1113 1178 1168 1242 vel
1192 1197 1333 1254 sorores,
1358 1178 1420 1240 vir·

305 1270 402 1353 gines
431 1270 486 1334 vel
515 1269 654 1333 relictas
682 1269 776 1332 tradi
806 1269 939 1352 nupciis
963 1268 1212 1350 Francigenum
1239 1267 1419 1342 violenter,

306 1358 349 1423 ab
384 1359 453 1423 imo
487 1378 623 1440 gemere
656 1361 821 1440 ceperunt
856 1362 901 1432 et,
937 1357 1019 1439 quid
1054 1356 1219 1432 facerent,
1256 1355 1419 1438 cogitare.
1432 1377 1462 1416 ro

218 1445 432 1512 aesomnes
454 1447 563 1530 igitur
579 1447 735 1511 civitates
752 1445 913 1510 Flandrie
930 1444 1067 1528 equalia
1081 1445 1257 1528 pacientes
1280 1445 1421 1509 secretis

305 1536 432 1600 litteris
471 1555 507 1599 se
540 1535 685 1599 invicem
726 1527 948 1618 obligabantb
985 1537 1020 1598 et
1054 1554 1162 1596 unum
1201 1534 1421 1617 capitaneum

305 1625 443 1688 nomine
461 1624 601 1688 Petrum
625 1622 792 1706 eligentes
808 1623 1033 1687 decreverunt
1055 1643 1125 1685 una
1141 1622 1196 1686 die
1219 1623 1256 1684 in
1275 1621 1421 1704 singulis

306 1714 376 1776 suis
400 1713 599 1776 civitatibus
622 1733 739 1776 omues
763 1712 992 1794 Francigenas
1016 1711 1236 1787 occidendos;
1269 1711 1361 1793 quod
1385 1714 1421 1774 et

306 1802 495 1866 efficaciter
517 1800 756 1885 impleverunt.
792 1801 867 1865 Hec
891 1800 1061 1864 discordia
1085 1799 1202 1863 multis
1225 1800 1325 1862 annis
1349 1819 1462 1882 per-rs

306 1891 478 1954 duravit0.
523 1889 649 1954 Postea
678 1891 722 1953 ad
753 1890 972 1973 capitaneum
1001 1909 1101 1952 suum
1132 1888 1333 1972 congregati
1356 1888 1421 1952 ele·

306 1983 432 2064 gerunt
456 1999 583 2054 omnes,
606 1979 666 2061 qui
688 1978 744 2042 vel
767 1998 827 2062 pre
843 1981 1021 2042 senectute
1044 1977 1099 2040 vel
1122 1977 1302 2041 iuventute
1326 1998 1422 2040 arma

305 2069 397 2132 ferre
427 2070 597 2151 poterant,
630 2070 664 2131 et
692 2087 749 2131 eos
780 2067 883 2130 armis
905 2067 1125 2142 instruentes,
1150 2067 1260 2150 primo
1283 2065 1420 2130 obsede·

305 2160 388 2219 runt
401 2156 583 2239 ¹quandam
607 2157 782 2220 civitatem
793 2155 813 2229 ³,
839 2177 904 2238 que
928 2154 994 2218 sibi
1010 2155 1183 2218 contraria
1198 2154 1421 2238 Francigenis

306 2245 418 2310 noluit
441 2243 619 2309 rebellare.
654 2244 727 2308 Rex
743 2244 886 2308 Francie
910 2244 1053 2308 audiens
1076 2243 1169 2327 quod
1191 2243 1464 2307 Flandrensesso

305 2335 469 2410 fecerant,
506 2337 619 2397 motus
654 2334 841 2416 congregat
875 2333 1061 2397 exercitum
1095 2332 1195 2396 valde
1234 2333 1420 2416 copiosum,

306 2443 451 2507 pergens
475 2423 650 2486 civitatem
674 2443 695 2486 a
710 2421 978 2486 Flandrensibus
1003 2422 1133 2505 eripere
1157 2424 1192 2485 et
1215 2421 1306 2504 ipsos
1323 2421 1420 2484 Flan-

307 2513 444 2576 drenses
475 2511 613 2593 penitus
644 2511 847 2594 extirparet
894 2509 962 2589 Qui
992 2510 1055 2574 hec
1086 2510 1266 2573 audientes
1297 2510 1419 2573 ducem

306 2600 519 2665 Brabancie⁵
541 2603 666 2663 vocant
695 2599 732 2662 in
762 2599 937 2674 auxilium,
962 2619 997 2662 se
1028 2619 1156 2680 suaque
1179 2598 1344 2662 audacter
1367 2599 1420 2662 de·

305 2689 448 2754 tendere
479 2688 681 2772 cogitantes.
727 2689 800 2752 Rex
829 2688 946 2771 itaque
977 2688 1120 2751 Francie
1155 2707 1231 2750 cum
1268 2687 1420 2751 exercitu
1431 2705 1463 2744 sa

306 2799 367 2842 suo
391 2779 530 2842 veniens
549 2776 811 2841 Flandrensium
835 2775 978 2853 castra⁶‚
1003 2779 1124 2860 utpote
1147 2775 1213 2838 sibi
1235 2775 1419 2858 inequalia‚

306 2866 499 2950 vilipendit.
553 2861 801 2930 Flandrenses‘1
834 2866 990 2929 videntes
1025 2885 1061 2928 se
1095 2868 1194 2927 tanto
1229 2865 1415 2928 exercituie

212 2976 376 3025 memnon
409 2975 507 3039 posse
541 2955 700 3019 resistere
733 2953 901 3018 fossatum
936 2953 1089 3037 amplum
1125 2953 1175 3017 *st
1208 2953 1418 3036 profundum

306 3044 475 3120 fecerunt,
499 3043 590 3126 quod
621 3042 724 3126 lignis
755 3043 977 3126 superpositis
1007 3045 1166 3124 terraque
1196 3035 1386 3123 tegentesf·
1399 3041 1419 3116 ⁷,

305 3251 366 3302 also
380 3263 414 3302 gr.
428 3252 454 3294 B.
507 3250 531 3300 b)
545 3251 669 3300 obligantes
683 3251 710 3293 B.
764 3249 784 3300 c)
798 3247 888 3290 duravit
902 3251 929 3293 R.
969 3247 993 3298 d)
1007 3260 1060 3290 vero
1075 3249 1126 3292 aad.
1140 3249 1167 3291 R.
1208 3249 1229 3298 e)
1244 3250 1344 3289 exercitu
1359 3251 1378 3288 1.
1394 3251 1464 3291 Ml>

305 3308 323 3354 ο
336 3307 460 3352 madunt·
474 3309 534 3344 terra
548 3305 676 3353 detegentes
691 3306 711 3344 1.
726 3303 753 3347 R.
1130 3327 1132 3332 ,

306 3505 332 3568 1)
352 3501 436 3552 lmnto
454 3503 571 3552 connium
588 3517 647 3552 cum
665 3499 724 3564 fllia
736 3499 858 3552 Parisios
875 3499 994 3550 allccttcm
1012 3516 1038 3553 a.
1053 3500 1129 3553 1296.
1145 3497 1248 3564 perfide
1266 3499 1341 3564 cepa,
1359 3497 1420 3562 filio

304 3578 413 3636 retentu,
431 3574 548 3624 comitem
565 3572 675 3625 dimisit.
746 3571 775 3637 2)
793 3571 880 3623 mma
898 3585 956 3622 cum
974 3570 1039 3634 filiis
1057 3569 1169 3621 Robrrto
1193 3575 1217 3620 et
1240 3568 1375 3620 thhelmo
1393 3585 1420 3620 se

304 3643 407 3695 Karolo
424 3645 514 3707 fratri
530 3645 602 3708 repis
626 3644 749 3697 a.1300.
775 3643 882 3707 dedidit,
909 3657 968 3706 repe
992 3643 1048 3692 iam
1073 3657 1098 3694 a.
1120 3642 1196 3695 1297.
1222 3641 1251 3690 tn
1270 3640 1420 3690 Francs'am

304 3730 415 3768 reuerso,
488 3717 515 3780 3)
535 3714 661 3766 Castrum
680 3713 861 3777 Curtraccnae,
886 3715 987 3764 civitate
1006 3713 1136 3764 Curtruco
1160 3711 1248 3762 dedita
1266 3711 1462 3762 Flundrm-tt

303 3785 385 3839 eibtw.
439 3787 467 3851 4)
486 3786 547 3836 Non
565 3788 620 3850 ipse
637 3801 695 3849 rec,
716 3785 761 3836 scd
778 3783 908 3836 liebertus
919 3783 958 3834 ΙΙ.
977 3783 1199 3836 maneriae.
1254 3783 1282 3848 5)
1298 3780 1418 3836 Minime.

309 3857 465 3908 Wiltclmua
482 3855 513 3908 dc
531 3855 633 3907 luliaco
656 3855 761 3908 advenit
783 3855 841 3906 duc
859 3854 1077 3917 Flundrenss'um,
1102 3853 1198 3919 quibus
1215 3855 1295 3904 ettam
1311 3859 1420 3919 praeta·

304 3943 362 3978 cuns
382 3927 470 3979 Gutdo
487 3933 511 3978 ct
528 3927 670 3993 Iohannes,
690 3927 743 3990 fitis·
761 3920 894 3978 datdonis
911 3928 1020 3988 moritis,
1035 3924 1227 3990 praefuerunt.
1290 3926 1317 3990 6)
1336 3924 1420 3992 Apud

285 3999 464 4062 ‚Curtracum
478 4001 578 4065 posta.
659 3998 687 4064 7)
704 3997 783 4049 Hanc
800 3996 924 4060 fabulum
949 4013 967 4047 α
985 3996 1176 4060 Francoyalls's
1198 3997 1331 4047 invadam
1356 4011 1417 4058 csse,

304 4076 333 4120 ut
351 4070 529 4135 ipssomim'am
546 4069 632 4120 cuda
649 4076 767 4134 acceptae
787 4073 907 4133 conco,
931 4069 1020 4119 docuit
1043 4067 1080 4120 H.
1100 4066 1223 4130 Pirenaeo,
1241 4066 1323 4120 ‘Bult
1342 4067 1373 4116 da
1391 4067 1418 4118 lu
1429 4075 1463 4115 so

303 4155 393 4195 eornm.
411 4157 435 4194 r.
454 4139 600 4191 d'lu'stos're
624 4141 656 4191 de
674 4139 815 4207 Bclqique’
837 4141 862 4194 4.
880 4155 931 4192 aer.
950 4137 1046 4204 XVII,
1068 4154 1099 4204 p.
1117 4139 1153 4191 26
1172 4153 1236 4204 sqq„
1263 4139 1288 4192 5.
1307 4153 1357 4195 scr.
1377 4136 1417 4202 ΙΙ,

300 4229 329 4278 p.
343 4214 378 4267 85
387 4227 442 4279 sqq.
469 4211 554 4274 Quam
566 4211 686 4274 fabulam
700 4214 779 4263 ettam
798 4210 848 4262 ulti
858 4215 997 4274 nodrutca,
1017 4215 1047 4261 ut
1061 4209 1199 4260 ortorum
1216 4227 1239 4262 v.
1254 4211 1340 4263 6430ss
1352 4224 1417 4275 cqc„

305 4283 347 4335 ‘D.
362 4283 436 4336 Otr!
450 4283 480 4347 V,
495 4299 525 4348 p.
538 4283 591 4337 852
604 4299 651 4348 so,
670 4282 800 4345 referunt.
828 4281 879 4333 Sed
891 4297 980 4333 voum
998 4287 1035 4332 est
1053 4283 1082 4331 tn
1101 4279 1204 4342 fossata
1222 4281 1311 4347 campi
1321 4280 1420 4332 multos

303 4353 495 4420 Franooqcltos
513 4355 653 4407 corruism.
