3228 4856
341 1139 653 1227 EXOERPTA
684 1139 945 1226 OONRADI
977 1140 1213 1228 STOLLE.

318 1361 368 1446 In
391 1381 493 1448 codice
516 1381 717 1447 bibliothecae
738 1381 957 1446 uniuersitatis
981 1383 1006 1446 I
1009 1382 1175 1447 enensis
1181 1433 1190 1464 ,
1216 1383 1328 1466 Sapid.

212 1470 249 1534 in
273 1470 309 1532 4⁰
331 1491 381 1536 nr.
400 1476 429 1552 3,
453 1471 579 1534 munbi.
603 1491 684 1535 saec.
703 1469 739 1532 X
746 1469 778 1534 V
789 1490 847 1550 aa,
876 1469 1018 1535 Conradi
1042 1471 1138 1535 scocie
1159 1471 1331 1537 chronicon

213 1558 411 1637 chardense
445 1558 629 1638 continente,
664 1577 754 1640 quan
787 1559 1019 1640 anteprapbnm
1051 1557 1153 1641 ipsius
1190 1561 1330 1624 auctoris

190 1646 330 1729 edicant,
354 1667 444 1728 quern
467 1667 531 1728 epo,
555 1651 708 1728 quantum
722 1645 803 1710 mibi
818 1645 935 1727 paucis
957 1645 1026 1711 eius
1042 1646 1191 1728 partibus
1213 1648 1329 1712 mami-

212 1735 299 1800 natis
320 1735 465 1801 indicare
487 1734 570 1814 licet,
601 1733 748 1799 Conrado
764 1735 860 1799 scoto
878 1740 1008 1800 curante
1030 1741 1122 1816 atque
1143 1734 1330 1817 inspiciente

213 1823 422 1906 conscriptum
444 1843 509 1888 esse
532 1843 656 1888 censere
677 1822 812 1901 mntem,
842 1822 869 1901 f.
896 1823 1095 1887 150-151‘.
1125 1843 1225 1888 manu
1247 1845 1327 1890 saec.

214 1911 289 1976 XV
307 1932 354 1976 en.
385 1917 529 1994 excerpta
551 1931 590 1976 en
617 1909 755 1977 Cronica
778 1910 989 1989 Eufordensis
1011 1910 1149 1975 ciuitatis
1170 1912 1329 1994 Enpdbu·

212 1999 309 2065 dona
332 2023 362 2066 a.
380 2005 591 2064 sss-1416.
616 1999 737 2080 scripto
758 2005 841 2080 sunt,
865 2019 998 2082 quarum
1020 1999 1147 2065 uariam
1169 2000 1329 2066 lectionem

178 2109 333 2153 nomnen
355 2088 392 2153 in
414 2088 550 2154 editione
572 2087 667 2153 baius
687 2086 843 2152 Orcnicae
865 2109 964 2170 snpra
980 2109 1016 2169 p.
1035 2094 1098 2152 789
1109 2108 1174 2170 sqq.
1200 2089 1329 2155 odrioto

211 2177 322 2258 umus,
352 2197 433 2259 qaae
461 2176 561 2258 ipitur
589 2176 646 2241 boc
668 2176 734 2240 loco
756 2175 928 2240 mnisimus.
978 2177 1058 2242 Turn
1087 2177 1113 2256 f.
1140 2182 1327 2243 152—155.

211 2265 279 2330 aiio
309 2272 455 2346 excerpta
477 2263 695 2344 Eufordensia
724 2286 755 2328 a.
781 2270 991 2328 250—1307.
1026 2265 1094 2330 alia
1125 2285 1224 2330 monn
1246 2287 1327 2332 saec.

215 2354 288 2419 XV
306 2375 354 2420 ea.
384 2355 472 2420 nudo
494 2353 641 2435 temporis
664 2352 776 2418 ordine
797 2361 920 2418 servato
941 2352 1061 2435 scripta
1083 2361 1165 2434 sunt,
1196 2374 1329 2436 annum

211 2442 316 2510 maior
338 2464 422 2525 pars
451 2464 490 2508 en
516 2442 617 2508 libro
640 2441 837 2508 cronicorum
860 2441 1056 2521 Erfordensi
1087 2447 1116 2507 et
1137 2441 1327 2522 praesertim

177 2552 250 2598 nen
272 2531 444 2613 appendice
466 2531 534 2596 eius
556 2552 656 2613 supra
680 2552 715 2612 p.
742 2535 804 2594 777
812 2536 939 2593 -780,
970 2529 1056 2594 edita
1086 2529 1245 2610 exscripta
1273 2536 1327 2595 est.

213 2619 278 2684 His
307 2619 430 2686 inserto
459 2627 534 2685 sunt
557 2618 758 2702 paucissima
787 2639 826 2684 eu
852 2617 991 2684 Orcnica
1021 2618 1055 2682 S.
1079 2617 1170 2682 Petri
1191 2618 1326 2697 Erford.

211 2709 363 2774 undana
386 2731 416 2774 a.
444 2713 539 2772 1225.
567 2713 662 2772 1226.
689 2712 784 2771 1234.
811 2711 905 2772 1242.
934 2711 1027 2770 1142.
1054 2711 1150 2771 1136.
1171 2707 1326 2788 profectu.

213 2796 276 2862 Sed
304 2796 457 2878 excerptis
486 2796 582 2862 Libri
615 2795 812 2862 annornm
839 2796 1036 2877 praecedunt
1069 2794 1129 2860 toci
1163 2817 1193 2860 a.
1231 2800 1326 2859 1216.

214 2886 325 2949 1250.1
359 2905 429 2950 anm
463 2885 539 2950 iocis
572 2883 668 2948 Libri
702 2885 899 2949 cronicorum
935 2883 973 2948 in
1006 2883 1109 2950 codice
1143 2890 1162 2948 3
1197 2883 1327 2960 additis,

175 2972 266 3054 noni
303 2993 341 3038 en
374 2973 561 3039 Annalibus
599 2969 650 3051 (S.
680 2972 830 3056 Mariae)
869 2973 1123 3052 Eufordensibus
1159 2971 1330 3055 deperditis

211 3061 360 3143 exscripti
400 3067 483 3142 sunt,
525 3063 571 3127 ad
609 3061 735 3126 uerbum
775 3061 843 3140 fere
882 3060 1106 3126 conuenientes.
1184 3060 1329 3126 Canities

210 3170 283 3232 erpo
322 3149 505 3216 Conradum
542 3149 677 3215 codicem
710 3148 822 3214 classis
859 3147 969 3214 tertiae
1002 3147 1098 3213 Iribri
1131 3149 1329 3214 cronicorum

210 3237 366 3320 babuisse,
390 3239 446 3304 sed
467 3237 557 3303 tectio
586 3237 653 3303 eins
681 3237 778 3302 cario
800 3237 902 3302 annis
923 3237 991 3316 fere
1013 3257 1083 3302 cunc
1105 3237 1263 3302 codicibus
1284 3259 1328 3302 sc·

211 3328 332 3391 cnndae
355 3325 468 3392 classis
489 3325 579 3392 itlius
601 3325 678 3391 iibri
700 3325 851 3406 convenit,
880 3331 916 3390 ut
941 3324 1036 3390 buius
1059 3324 1171 3390 classis
1194 3323 1328 3390 codicem

175 3415 367 3495 sequendam
401 3435 471 3479 enm
505 3414 707 3496 ensnnpsisse
734 3417 876 3495 pateat2.
922 3415 990 3480 Ant
1022 3413 1123 3496 ipitnr
1153 3433 1192 3478 ea
1225 3413 1328 3478 codice

211 3501 306 3567 Libri
335 3502 533 3569 cronicorum
563 3503 674 3569 classis
701 3502 821 3584 tertiae,
852 3524 942 3584 quem
974 3501 1142 3569 Oonrodns
1165 3501 1261 3568 stoice
1290 3501 1327 3566 in

210 3589 342 3672 rationis
371 3591 524 3674 excerptis
552 3591 620 3656 suis
649 3612 715 3656 non
744 3590 919 3672 easmcpsit,
950 3591 1026 3655 baec
1049 3611 1119 3654 cnm
1141 3589 1327 3671 nescioquo

210 3798 238 3866 1)
256 3799 333 3850 Inter
350 3799 399 3852 bos
417 3799 489 3852 mass
506 3799 589 3851 Lc'brc'
604 3801 772 3852 cronicorum
789 3816 822 3852 nc
840 3800 954 3852 Orontea
966 3799 1161 3854 sannarum.
1179 3801 1328 3868 mospius

209 3885 234 3922 a.
253 3871 333 3925 1287.
353 3870 459 3936 lcpitnr.
496 3871 559 3922 Non
576 3877 643 3924 mota
660 3870 723 3921 dtus·
739 3871 783 3925 ⁴N.
796 3870 912 3923 Arcbtc'
925 3869 1005 3934 XXI,
1026 3889 1054 3938 p.
1073 3873 1134 3926 508.
1153 3869 1224 3922 huno
1243 3871 1327 3922 locum

173 3941 238 3995 coin
255 3941 340 3992 Libro
357 3943 525 3994 cronicorum
542 3957 596 3994 non
613 3948 726 3996 castore.
762 3941 814 3994 Sed
832 3957 890 3992 cum
908 3943 933 3992 ts
957 3943 1029 3992 inter
1046 3941 1112 3994 duos
1129 3941 1196 3994 locos
1213 3943 1327 3994 incertae

208 4012 332 4078 criptrn's,
359 4019 389 4065 nt
413 4013 564 4077 videbimus,
590 4014 706 4080 scriptus
729 4014 773 4076 sit,
791 4014 907 4064 conicere
924 4011 1025 4078 cleonte
1039 4018 1127 4078 posset
1144 4028 1204 4064 cum
1221 4027 1276 4064 non
1293 4028 1327 4065 ca

209 4081 292 4134 Libro
310 4085 485 4149 cronicorum,
510 4084 555 4155 sed
572 4099 606 4134 uc
624 4083 767 4134 annalibus
784 4083 835 4134 buc
852 4088 1066 4192 transsumptum
1083 4098 1144 4136 csse.
1209 4083 1237 4148 2)
1253 4083 1327 4134 Velia

206 4167 294 4218 surpra
315 4171 344 4220 p.
364 4155 424 4218 771,
449 4169 476 4207 n.
496 4151 515 4204 k
539 4152 615 4205 naon
641 4152 775 4205 subvertit
798 4167 857 4204 curn
879 4155 904 4207 2.
928 4155 979 4208 2⁸·
1028 4168 1083 4220 pro
1107 4151 1227 4222 divertit,
1252 4169 1279 4207 n.
1297 4169 1325 4205 m

209 4221 246 4274 ibi
264 4239 325 4275 arm
341 4227 367 4278 2.
386 4220 463 4280 2⁸⁴³
481 4238 536 4292 pro
555 4221 638 4290 inibi;
656 4224 692 4288 cf.
707 4227 867 4291 pronosim
884 4239 971 4290 snpra
986 4243 1014 4292 p.
1035 4227 1095 4289 778,
1113 4241 1141 4279 n.
1161 4229 1218 4276 set
1235 4240 1259 4280 e.
