3186 4844
311 367 362 422 178
398 361 564 418 ORONICA
578 360 605 418 S.
616 359 731 415 PETRI
743 358 1004 415 ERFORDENSIS
1017 358 1106 414 MOD.
1126 361 1161 416 A.
1174 364 1357 419 1152-1154.

247 551 368 611 tatur
398 567 437 610 ac
468 545 643 629 sepelitur.
691 542 796 607 Cuius
826 543 901 606 loco
924 542 1101 607 fratruelis
1131 545 1204 608 eiua
1229 545 1424 609 Fridericus

208 663 271 704 aaa.
281 664 300 705 o.
311 636 500 700 Suevorum
517 635 586 697 dux
609 633 723 698 media
738 631 999 715 quadragesima
1015 631 1289 698 Frankenefurt⁸
1309 654 1424 699 rerum

311 745 478 788 summam
502 721 690 806 suscipiens
713 721 749 784 in
772 741 887 804 regem
911 720 1052 804 eligitur
1078 725 1113 785 et
1138 723 1344 807 Aquisgrani
1368 723 1425 788 die

198 813 523 897 nuncapalmarum¹
552 810 661 894 regali
691 808 929 874 benedictione
963 809 1179 874 sublimatur.
1230 811 1424 876 Fridericus

208 923 370 970 ueneror
392 901 640 985 penthecosten
664 897 792 962 curiam
824 917 919 961 suam
950 892 1093 962 habuitb
1121 899 1332 986 Merseburg,
1357 920 1455 984 quos

310 1012 370 1056 rex
386 989 585 1054 Dacorum2
608 1009 686 1053 cum
709 986 812 1070 regiis
836 987 1034 1050 muneribus
1049 988 1189 1052 veniens
1212 1009 1356 1072 regnum
1379 989 1424 1053 ab

311 1101 351 1145 eo
375 1079 535 1162 suscepit.
570 1077 639 1142 Ubi
662 1075 769 1140 eciam
794 1075 906 1159 gravis
923 1075 1093 1140 discordia
1114 1077 1205 1141 inter
1221 1077 1424 1143 Heinricum

312 1169 484 1233 Saxonum
501 1169 624 1231 ducem
646 1169 682 1230 et
697 1164 925 1228 Adelbertum
948 1165 1180 1230 marchionem
1204 1167 1330 1244 oritur;
1353 1167 1424 1250 qui·

311 1257 375 1322 bus
397 1258 489 1321 inter
511 1276 548 1320 se
571 1253 745 1319 hostiliter
768 1255 888 1336 postea
903 1253 1147 1318 dimicantibus
1163 1255 1426 1338 opulentissima

311 1346 395 1410 villa
411 1343 601 1420 Osterroth,
626 1342 710 1406 mire
734 1341 1003 1426 pulchritudinis
1019 1342 1191 1408 edificium
1210 1344 1247 1406 in
1262 1345 1423 1421 Lutrede,
1438 1364 1463 1402 lo

311 1435 494 1519 pleraque⁰
522 1430 665 1497 castella
694 1451 734 1494 ac
756 1430 839 1494 ville
861 1451 964 1512 quam
994 1430 1141 1514 plurime
1165 1428 1425 1497 devastanturl.

223 1517 301 1571 1153·
417 1521 584 1586 MCLIII.
618 1519 692 1585 Rex
715 1519 863 1583 curiam⁰
883 1519 921 1582 in
940 1520 1082 1583 octava³
1102 1525 1324 1604 pentecosten
1346 1542 1426 1586 cum

170 1587 446 1677 ¹“”·⁷‘¹⁴‘du0bus
476 1608 707 1674 cardinalibus
735 1606 901 1691 Gregorio
931 1629 971 1672 ac
1002 1607 1202 1673 Bernhardo
1232 1630 1425 1694 magnoque

312 1703 482 1766 conventu
513 1698 677 1763 abbatum
705 1717 744 1760 ac
768 1696 1019 1780 prepositorum
1042 1696 1294 1780 Mogonciensis
1317 1699 1425 1763 archi-

177 1817 268 1866 aas.
277 1817 301 1859 s.
312 1790 528 1874 episcopatus
551 1787 644 1870 apud
659 1784 890 1851 Wormaciam
913 1785 1046 1850 habuit.
1082 1785 1205 1869 Ibique
1221 1787 1425 1853 Heinrioum
1438 1809 1464 1849 a

311 1877 552 1960 Mogontinum
582 1874 773 1938 antistitem
803 1873 963 1957 deposuit
992 1875 1091 1958 eique
1120 1876 1313 1939 Arnoldum
1341 1881 1426 1941 tunc

209 1993 301 2040 (rna).
311 1966 473 2049 temporis
489 1963 732 2030 cancellarium
748 1962 957 2046 subrogarit.
1026 1963 1199 2047 Eugenius
1216 1985 1305 2048 papa
1320 1965 1424 2042 obiit;

311 2076 372 2140 pro
396 2074 464 2137 quo
487 2053 700 2128 Anastasius,
725 2052 784 2133 qui
814 2055 850 2116 et
873 2049 1052 2116 cunradus
1076 2051 1272 2118 Sabinensis
1299 2055 1426 2138 episco-

175 2171 301 2221 (sarra).
311 2165 384 2228 pus,
409 2143 641 2207 constituitur.
732 2140 915 2205 Heinricus
938 2141 1137 2225 episcopatu
1152 2143 1315 2226 ¹priuatus
1338 2142 1426 2207 obiit

165 2225 220 2326 ‘css
225 2225 280 2320 ζα,
288 2251 302 2274 ·’
311 2236 346 2297 et
369 2230 574 2326 Babenberg
597 2229 772 2312 sepelitur.
864 2239 981 2312 Signum
1006 2241 1034 2294 in
1052 2242 1108 2296 sole
1127 2243 1254 2312 apparuit
1274 2241 1341 2296 VII.
1359 2242 1465 2298 Kanm

310 2315 453 2369 Februarn
471 2331 509 2368 eo
527 2313 628 2368 modo
650 2313 732 2390 &A

223 2403 300 2458 1154.
416 2401 569 2458 MOLHH.
604 2400 763 2456 Anastasius
780 2417 853 2470 papa
870 2400 953 2469 obiit;
972 2417 1022 2470 pro
1041 2417 1095 2468 quo
1113 2401 1259 2458 Adrianus.
1355 2391 1425 2454 Fri·

311 2479 445 2545 dericus
467 2500 527 2544 rex
550 2477 690 2543 Italiam
714 2499 792 2542 cum
823 2477 973 2541 exercitu
997 2479 1092 2542 veuit
1122 2479 1255 2562 sibique
1278 2479 1424 2545 rebelles

223 2581 300 2635 1155.
310 2568 380 2632 illis
403 2567 612 2652 inpartibus
629 2565 789 2632 bellando
813 2566 959 2650 subegit,
983 2566 1131 2650 indeque
1146 2567 1291 2632 Romam
1313 2569 1426 2633 victor

189 2677 250 2724 (aa
259 2677 302 2725 ιε).
311 2657 482 2741 ingressus
513 2677 534 2720 a
563 2677 653 2740 papa
676 2655 828 2719 Adriano
852 2655 944 2737 apud
968 2654 1133 2719 Sanctum
1157 2655 1297 2721 Petrum
1321 2658 1424 2741 impe
1436 2679 1462 2718 rs

311 2745 388 2809 riali
411 2744 650 2810 benedictione
674 2743 890 2820 sublimatur,
915 2764 954 2806 ac
971 2741 1203 2808 Romanorum
1226 2765 1329 2828 quam
1352 2745 1424 2830 plu·

309 2834 405 2898 rimis
428 2833 531 2898 armis
554 2833 784 2898 conflictando
807 2831 1008 2910 interiectis,
1037 2832 1129 2916 apud
1152 2833 1323 2898 Veronam
1346 2854 1426 2917 quo

310 2943 376 3006 que
405 2923 443 2986 in
472 2922 647 2986 redeundo
677 2921 827 2984 transitu
856 2920 1026 2985 inhibitus
1056 2921 1100 2984 ad
1131 2922 1252 2998 clusas,
1284 2923 1424 2988 adverse

311 3012 418 3096 partis
441 3010 654 3096 principibus
678 3009 801 3092 laqueo
825 3009 1005 3092 suspensis,
1030 3011 1121 3075 ferro
1138 3009 1203 3074 s'ibi
1219 3012 1263 3076 ad
1287 3012 1425 3097 propria

208 3101 377 3169 quasitot
400 3099 545 3183 aperuit.
634 3109 740 3180 Magna
756 3107 904 3163 inundacio
922 3107 1005 3178 *aque
1024 3109 1084 3166 luit.
1435 3123 1463 3162 so

152 3175 301 3278 ‘'sqffij
416 3183 569 3253 Eodem*
593 3207 683 3252 anno
706 3184 790 3248 XII.
815 3185 894 3249 Kal.
919 3186 1003 3250 Maii
1025 3186 1185 3252 inventus
1210 3191 1262 3252 est
1285 3193 1425 3254 sanctus

218 3277 515 3343 ruauAdelarius⁵
542 3280 577 3341 et
601 3275 682 3338 VII.
707 3274 787 3338 Kal.
810 3268 982 3359 Augustir
1009 3279 1149 3340 sanctus
1178 3276 1362 3342 blobanusg
1387 3279 1425 3342 in

312 3367 517 3432 monasterio
540 3367 657 3430 sancte
681 3363 789 3428 Marie
811 3363 954 3448 virginis
978 3362 1146 3432 Eriordie.

425 3521 451 3590 *)
471 3523 499 3574 Ε
513 3521 604 3574 bota:
629 3519 712 3574 Anno
732 3515 895 3572 1110111Ι1ΠΙ0
911 3516 983 3572 ΧΗ0
1001 3517 1099 3575 Kalen.
1118 3517 1186 3574 Maii
1212 3521 1315 3574 corruit
1340 3522 1426 3576 eccla-

470 3591 528 3646 sia⁶
546 3608 580 3648 ex
598 3593 741 3658 vetustate,
759 3593 788 3643 et
805 3589 932 3644 inventus
950 3597 996 3642 stc.
1437 3613 1464 3653 μ,

311 3720 333 3762 ι)
354 3716 519 3757 l'ranckansurt
533 3717 568 3766 2¹3
591 3711 746 3755 l'rsukenfcrd
759 3713 792 3758 21.
860 3713 883 3760 bl
904 3715 969 3757 blara
987 3713 1038 3756 hab.
1056 3715 1082 3758 R.
1149 3719 1169 3764 e)
1189 3717 1220 3755 ric
1238 3717 1270 3768 135
1291 3717 1393 3768 plcrlque
1407 3720 1427 3760 1.

311 3769 334 3820 d)
354 3770 373 3810 0
393 3775 470 3810 uncta
490 3769 599 3810 Iaroulme
618 3779 723 3808 succurre
741 3771 784 3810 ata.
809 3768 860 3810 aad.
876 3769 893 3810 l.
981 3767 1002 3810 el
1022 3779 1085 3809 ruam
1109 3769 1159 3811 add.
1173 3771 1200 3813 B.
1214 3771 1306 3820 Lr1115
1331 3773 1359 3819 cf.
1377 3773 1393 3815 l.
1407 3774 1428 3815 b.

311 3822 328 3874 r)
342 3823 445 3863 luventas
459 3826 494 3862 est
507 3823 584 3862 lurum
599 3823 650 3865 add.
663 3821 688 3865 Ε.
742 3823 764 3870 g)
777 3821 808 3860 sic
822 3822 852 3862 20.
866 3821 892 3864 Ε.
910 3821 932 3863 V.
948 3821 981 3870 ἰὴ·
995 3822 1092 3862 cobnnna
1107 3824 1126 3866 1.

311 3951 338 4015 1)
364 3947 519 4000 blidwara
543 3942 599 3997 ium
624 3946 666 3998 die
691 3944 774 3999 Mart
794 3946 819 3999 4.
845 3945 945 4013 emas,
970 3945 1103 3998 dorniaicu
1122 3947 1235 4000 maara
1255 3975 1285 3992 =
1305 3949 1427 4007 Humi

310 4021 342 4082 (i.
355 4035 375 4072 e.
394 4018 480 4071 medio
491 4017 710 4084 quadraqaimo)
729 4021 870 4069 cauata
887 4022 932 4070 cal.
985 4017 1014 4082 2)
1031 4017 1117 4070 Sueno
1134 4017 1208 4083 filius
1224 4019 1304 4072 Erice·
1314 4022 1427 4076 Emune.
1437 4041 1465 4078 io

310 4093 340 4149 3)
359 4089 425 4156 Ipso
439 4093 580 4157 pentecoste
598 4088 674 4153 (Iun.
687 4088 716 4153 7)
734 4087 796 4139 haee
814 4089 892 4138 cario
907 4087 1036 4140 σάὠναω
1047 4094 1092 4142 ast.
1161 4089 1189 4156 4)
1206 4089 1291 4143 solem
1309 4108 1339 4144 aa
1347 4099 1428 4160 parta

311 4159 432 4224 &faisse
449 4160 496 4212 lior
513 4161 598 4226 siquo,
617 4173 704 4225 supra
719 4175 748 4226 p.
763 4160 804 4213 19.
823 4157 882 4210 hana
903 4159 984 4224 piac,
1006 4159 1152 4210 indicatam
1171 4175 1224 4212 ease
1242 4163 1282 4214 sbi
1298 4163 1428 4217 adnotare

310 4231 462 4286 debuissem.
498 4231 564 4282 Fau
582 4231 651 4282 anim
670 4229 717 4282 lace
734 4230 776 4280 die
793 4229 896 4296 adipeis
913 4229 984 4283 solia.
1068 4231 1095 4295 5)
1114 4231 1156 4294 Cf.
1175 4231 1250 4289 Ams,
1268 4235 1344 4287 Patra
1360 4242 1426 4300 ant,

310 4317 395 4370 supra
416 4321 445 4370 p.
465 4305 508 4359 19.
592 4301 619 4368 6)
636 4299 800 4362 saarim,-
824 4300 858 4364 οἵ.
879 4300 921 4354 ‘N.
941 4299 1054 4352 Arabiv'
1073 4301 1151 4369 XXI,
1175 4319 1205 4370 p.
1224 4305 1293 4374 5303
1317 4305 1378 4358 Nic.
1398 4307 1429 4360 dc

311 4372 404 4440 Sicyon
424 4391 454 4440 p.
473 4376 535 4429 335.
1438 4394 1465 4434 lt
