3222 4850
307 357 361 412 274
450 351 618 410 ottoniel
630 352 658 408 S.
668 349 785 407 PETRI
797 351 1060 408 ERFORDENSIS
1072 349 1162 407 MOD.
1181 351 1217 406 A.
1231 353 1308 410 1275.

221 545 298 600 1275.
309 541 390 602 sunt
405 557 523 602 omnes
539 535 667 621 pariter
690 535 733 600 de
752 557 857 598 manu
880 555 968 620 pape
983 535 1028 599 ad
1043 533 1340 599 transfretandum
1356 557 1429 620 per·

309 625 474 692 sonaliter
496 624 589 689 ultra
612 643 705 690 mare
727 624 765 688 in
788 625 978 689 subsidium
1000 623 1104 688 Terre
1126 623 1263 688 Sancte.

415 713 545 779 Eodem
568 734 659 778 anno
682 713 913 778 Theodericus
936 712 1083 777 illustris
1106 712 1259 778 marchio
1282 713 1430 779 Misnen-

308 804 363 879 sis,
388 802 499 868 zelum
522 803 653 867 habens
677 803 771 885 pacis
800 806 837 868 et
861 801 1137 886 tranquillitatis,
1161 801 1198 865 in
1221 802 1335 885 patria
1357 823 1429 887 per·

308 912 452 976 sequens
489 891 662 956 maleficos
706 894 862 976 raptores
907 894 944 956 et
982 891 1245 975 comprehensos
1286 912 1460 957 numeros

308 980 492 1044 XXXIIII
515 979 711 1046 decollavit.

414 1069 496 1155 Ipso
520 1090 610 1134 anno
633 1070 677 1134 de
699 1069 840 1134 civitate
860 1089 926 1152 que
948 1071 1093 1133 vocatur
1108 1067 1338 1134 Heidelberc⁸
1358 1069 1429 1153 Spi-

307 1159 416 1224 rensis
446 1159 600 1236 diocesis,
631 1158 668 1220 in
698 1178 766 1241 qua
791 1161 876 1222 tunc
906 1157 1066 1241 generale
1096 1157 1166 1221 fuit
1192 1157 1428 1235 interdictum,

308 1247 410 1311 multi
441 1248 531 1311 cives
562 1267 639 1312 cum
670 1247 740 1310 suis
763 1245 926 1310 uxoribus
955 1249 991 1310 et
1014 1246 1156 1310 familiis
1180 1247 1430 1330 navigaverunt

307 1335 402 1400 ultra
431 1335 573 1400 fluvium
597 1327 827 1412 Neokaruml,
859 1339 899 1399 ut
929 1335 1090 1398 audirent
1120 1335 1298 1400 cuiusdam
1322 1355 1467 1400 sacer-ro

308 1425 399 1490 dotis
429 1424 635 1490 celebrantis
665 1445 760 1488 suam
793 1424 938 1509 primam
968 1424 1105 1488 missam
1135 1425 1170 1487 in
1203 1424 1351 1507 quadam
1378 1445 1429 1489 ca·

308 1513 416 1599 pella;
448 1513 571 1598 quibus
601 1512 836 1589 redeuntibus,
866 1514 904 1576 in
933 1513 1089 1598 predicto
1113 1513 1217 1578 fluvio
1240 1513 1321 1576 navi
1344 1515 1429 1598 peri·

308 1602 453 1667 clitante
477 1624 518 1667 ex
540 1603 647 1666 nimia
666 1601 891 1667 multitudine
914 1606 987 1666 tam
1003 1601 1181 1665 hominum
1205 1622 1308 1684 quam
1331 1622 1430 1685 equo·

308 1713 384 1755 rum
407 1691 522 1777 plures
546 1711 648 1774 quam
672 1694 811 1756 centum
834 1691 991 1756 homines
1014 1691 1194 1773 utriusque
1224 1710 1323 1756 sexus
1347 1690 1430 1756 divi·

307 1785 379 1845 tes⁰
408 1781 632 1865 permittente
655 1779 804 1845 Domino
828 1780 997 1845 submersi
1019 1782 1110 1843 sunt.
1440 1803 1466 1843 rs

203 1891 297 1938 unsa.
416 1863 587 1934 illodemtl
615 1890 705 1934 anno
729 1869 908 1934 Sarraceni
938 1872 973 1934 et
997 1869 1140 1933 Barbari
1171 1867 1530 1952 cumaliispa·1‚·.m.

307 1959 405 2042 ganis
439 1958 477 2020 in
510 1957 735 2023 multitudine
770 1959 866 2042 gravi
895 1961 1055 2043 potenter
1084 1959 1255 2023 irruentes
1285 1958 1322 2021 in
1352 1957 1429 2022 His·

308 2047 456 2130 paniam,
486 2046 650 2111 videlicet
678 2048 715 2110 in
739 2067 883 2130 regnum
907 2045 1068 2124 Castelle‚
1091 2045 1298 2112 Toletanum
1322 2047 1429 2111 archi·

308 2135 516 2220 episcopum,
546 2136 728 2219 primatem
761 2134 898 2199 illarum
934 2136 1123 2220 regionum,
1154 2136 1293 2200 nomine
1329 2135 1430 2200 Sanc-

192 2225 415 2294 (oa.21).tium⁰
431 2223 683 2289 interfecerunt
698 2228 734 2288 et
749 2223 877 2289 multos
893 2223 978 2289 alios
995 2223 1246 2302 Christianos¹;
1272 2233 1467 2309 preteream

306 2314 420 2397 ipsum
435 2334 580 2397 regnum
597 2313 783 2378 crudeliter
800 2313 1029 2390 devastantes,
1054 2313 1166 2377 multa
1184 2313 1295 2397 spolia
1318 2334 1429 2397 aspor-

306 2405 478 2480 taverunt,
503 2405 539 2467 et
555 2403 672 2467 hocin
687 2403 887 2466 vindictam.
925 2401 1015 2466 Nam
1032 2403 1165 2486 pridem
1180 2423 1241 2467 rex
1256 2401 1430 2467 Castelle²

308 2513 385 2555 cum
409 2491 561 2556 exercitu
590 2491 704 2556 valido
728 2490 1003 2556 Christianorum
1027 2491 1290 2556 Sarracenorum
1322 2492 1430 2575 regio·

308 2600 369 2645 nes
399 2584 435 2644 et
465 2579 623 2644 Sibiliam
653 2600 814 2664 magnam
844 2579 1018 2644 civitatem
1051 2579 1263 2665 capitalius
1294 2601 1428 2663 quoque

306 2669 433 2733 multas
457 2689 575 2734 eorum
598 2670 811 2734 municiones
841 2668 907 2732 sibi
935 2669 1172 2752 potentissime
1201 2669 1339 2752 subegit
1369 2662 1426 2734 etf
1439 2691 1465 2731 ss

306 2756 530 2822 tributariosg
555 2757 621 2822 sibi
643 2753 762 2822 iecit*.

763 2915 974 2924 ————

420 3051 448 3120 *)
469 3053 555 3175 Μαυῧι
565 3055 920 3178 {oderatzmllodaotatum
930 3062 975 3140 'cet
982 3047 1071 3178 pugio
1087 3047 1427 3178 nullupuesffiiectilrs.

547 3141 569 3176 a
765 3141 982 3178 rmoocussr
1040 3142 1229 3178 waccar
1326 3143 1429 3179 caet-

466 3195 636 3262 devinam.
657 3196 742 3262 XHI,
763 3199 804 3252 13.
830 3203 954 3265 sumpta:
977 3197 1025 3250 De
1043 3143 1124 3250 laced
1140 3194 1276 3250 (licilieh
1298 3197 1358 3264 qui
1377 3196 1429 3250 bi-

466 3264 579 3334 berit,
598 3283 719 3320 amorem
738 3265 854 3322 Veneris
871 3267 952 3322 tollit.
1440 3275 1467 3314 ³⁰

519 3336 563 3390 Ex
574 3336 696 3392 Ditorie¹
713 3339 775 3393 lacu
793 3337 897 3392 Italiek
911 3338 959 3408 qui
976 3337 1103 3406 biberint,
1123 3337 1179 3392 vini
1196 3337 1302 3392 tedium
1318 3337 1428 3392 habent.

519 3407 554 3462 Iu
573 3409 723 3478 Campania
747 3413 811 3462 sunt
835 3426 914 3477 eque,
939 3426 992 3478 quc
1011 3409 1140 3463 heusta
1161 3409 1333 3463 sterilitatem
1352 3407 1429 3463 semi·

466 3497 563 3533 narum
583 3481 757 3534 auferunt
774 3484 803 3534 et
820 3480 941 3533 virorum
960 3480 1109 3536 libidinem.

519 3551 593 3606 Fons
612 3550 750 3606 Archadia
768 3551 829 3606 fieri
847 3551 994 3606 aborsum
1012 3568 1068 3604 non
1086 3551 1198 3620 patitur.

519 3621 553 3676 In
572 3623 667 3678 Sicilia
691 3626 755 3676 sunt
779 3623 834 3676 duo
859 3623 957 3690 fontes,
976 3639 1092 3691 quorum
1111 3640 1180 3676 unus
1198 3622 1318 3677 sterilem
1336 3622 1430 3676 fecun—
1441 3629 1466 3670 tt

467 3693 522 3761 det,
540 3695 610 3748 alter
628 3693 773 3748 fecundam
791 3693 910 3748 sterilem
930 3693 1003 3748 facit.

520 3763 554 3818 In
579 3764 720 3819 Thessalia
747 3765 801 3819 duo
826 3769 890 3818 sunt
915 3764 1043 3832 flumina;
1071 3782 1105 3818 cx
1133 3781 1187 3818 uno
1212 3765 1338 3819 bibentes
1365 3781 1430 3820 oves

307 3959 329 4008 t)
345 3957 478 4010 Heydeberg
491 3959 516 4003 Ε.
571 3959 594 4011 b)
608 3961 647 4010 qul
662 3965 754 4000 vocatur
768 3961 850 4000 Nectit
864 3961 889 4004 Ε.
943 3964 964 4009 c)
978 3965 1001 4001 et
1014 3957 1059 4004 div.
1073 3957 1115 4000 doo
1129 3963 1273 4010 promittente
1288 3961 1314 4005 Ε.
1358 3959 1382 4007 d)
1396 3973 1430 4000 re·

308 4015 368 4064 liquo
382 4013 403 4056 t.
418 4024 438 4055 u.
454 4025 495 4054 om.
509 4013 534 4055 Ε.
595 4015 707 4062 e)si01t;
727 4014 812 4054 ttucllfi
828 4017 846 4056 1.
906 4015 964 4063 nso
979 4016 1005 4057 R.
1059 4013 1082 4064 3)
1095 4016 1126 4054 etc
1141 4017 1159 4057 1.
1173 4015 1200 4054 R.
1254 4015 1277 4064 h)
1292 4015 1358 4056 Cltlci
1374 4015 1428 4055 told.

308 4067 324 4116 l)
338 4067 430 4106 clitorio
445 4067 498 4108 said.
553 4065 577 4112 lt)
590 4068 640 4107 ltcu
654 4069 731 4107 {imm
747 4068 798 4110 add.
812 4069 831 4110 l.
1440 4077 1467 4115 ιο

310 4263 335 4328 l)
358 4263 482 4314 Virorum
500 4263 643 4314 exaratum
660 4263 772 4328 Alfonce'
782 4263 818 4316 X.
837 4263 909 4328 repit
927 4262 1054 4316 emotas
1074 4263 1177 4330 proelio
1195 4269 1292 4316 aenon
1311 4281 1337 4320 a.
1352 4267 1428 4320 1275.

307 4336 449 4387 commisso.
521 4335 550 4400 2)
569 4333 762 4386 Fordinandue
780 4334 835 4388 ΙΙΙ.
853 4335 971 4392 a1248.
