3248 4856
391 424 583 482 enomere
601 425 765 482 MINORIS
784 426 1047 484 OON‘IINUA'IIO
1065 428 1089 486 I.
1247 433 1299 489 676

184 631 248 694 que
278 611 405 674 herede
436 610 590 687 decedat,
614 610 780 675 Albertus
809 611 1007 696 langravius
1036 615 1147 678 totam
1169 617 1297 678 terram
1308 621 1384 676 1207.

182 701 218 763 et
240 698 470 763 substantiam
487 719 586 764 suam
608 720 687 764 cum
702 700 796 764 omni
817 701 892 766 iure
915 701 1097 784 possideat,
1122 705 1158 767 et
1176 706 1216 766 ut
1231 702 1298 767 sibi

180 788 218 850 in
240 788 388 852 inuicem
412 791 532 852 contra
555 809 672 853 omnes
695 789 907 853 adversarios
939 810 1017 854 cum
1041 791 1199 856 omnibus
1222 791 1297 856 viri·

182 876 246 941 bus
276 876 496 942 auxilientur.
543 877 618 942 Hee
647 877 779 942 vallata
807 882 889 942 sunt
919 879 1125 944 alterutrum
1160 880 1230 944 suis
1262 884 1297 945 et

149 964 404 1050 resupinoruml
426 987 565 1030 suorum
588 988 628 1030 ac
651 966 803 1050 plurium
826 967 996 1032 nobilium
1017 964 1241 1051 iuramentisl.

288 1054 496 1120 Pestilencia
530 1055 567 1118 in
589 1055 709 1119 Ytalia
743 1058 808 1120 hoc
839 1077 930 1120 anno
960 1077 1085 1139 magna
1119 1057 1296 1122 hominum

69 1143 259 1224 meminit,
296 1144 347 1207 ita
380 1144 472 1226 quod
505 1144 543 1208 in
577 1144 788 1208 Bononiensi
821 1149 993 1210 conventu
1024 1145 1297 1211 *Predicatorum

180 1232 432 1316 quinquaginta
450 1234 576 1298 fratres
595 1253 637 1298 ex
652 1233 718 1298 hoc
734 1234 850 1320 seculo
872 1235 1094 1300 transierunt.
1131 1235 1297 1300 Similiter

179 1322 216 1384 in
239 1321 430 1405 Thuringia
453 1325 488 1386 et
511 1322 548 1386 in
575 1323 723 1386 confinio
753 1324 826 1387 eius
857 1323 965 1388 multe
995 1326 1228 1407 egrotationes
1257 1344 1296 1389 ac

145 1438 170 1477 ιο
180 1410 381 1494 pestilencie
405 1411 583 1475 hominum
607 1415 642 1476 et
666 1412 858 1495 pecudum*
883 1413 1068 1477 irruerunt.

288 1499 484 1584 Hedewigis
514 1500 722 1565 venerabilis
752 1501 822 1565 vite
853 1495 955 1565 olimb
990 1502 1125 1566 ducissa
1153 1501 1297 1568 Polonie

180 1590 257 1672 post
279 1588 418 1653 felicem
442 1588 515 1653 eius
544 1589 731 1654 transitum
757 1589 933 1673 plurimis⁰
962 1590 1176 1674 resplenduit
1198 1591 1296 1655 mira·

180 1676 336 1741 culorum
359 1677 534 1762 prodigiis.
575 1677 676 1743 Hanc
700 1677 858 1743 Clemens
884 1699 972 1764 papa
995 1679 1208 1744 canonizavit
1231 1681 1296 1744 hoe

181 1766 293 1830 anno²
315 1769 351 1831 et
373 1761 583 1851 lrathelogo‘¹
610 1771 808 1832 sanctorum
835 1769 1044 1852 asscripsit⁰;
1070 1768 1167 1833 cuius
1189 1772 1296 1833 trans·

143 1854 268 1921 ulaeio
298 1876 359 1938 per
389 1855 599 1920 cardinalem
623 1849 843 1934 widonemf,
867 1856 1022 1940 legatum
1052 1858 1142 1922 sedis
1165 1861 1296 1942 aposto-

180 1943 256 2022 lice,
287 1964 365 2008 cum
396 1944 545 2009 maxima
567 1945 792 2010 multitudine
816 1945 971 2010 fidelium
994 1947 1174 2030 utriusque
1197 1967 1296 2012 sexus

178 2036 252 2096 tam
274 2033 511 2117 religiosorum
535 2054 637 2117 quam
659 2034 790 2098 eciemg
807 2033 1015 2099 secularium
1037 2035 1074 2098 in
1097 2036 1296 2119 episcopatu

180 2115 434 2187 Brerlaviensih
472 2123 568 2186 facta
605 2125 658 2187 est
692 2122 773 2186 VII.
809 2123 889 2186 Kal.
924 2123 1135 2208 Septembris
1144 2124 1166 2186 ³.
1220 2124 1402 2197 Hecatam.

178 2213 301 2276 saneta
322 2203 538 2294 Hedewigis¹
567 2211 638 2274 fuit
664 2215 850 2277 matertera
872 2216 991 2277 sancte
1014 2207 1227 2297 l⁴‘llyaabeth¹¹
1253 2214 1295 2279 de

140 2299 345 2384 tollenburg
374 2320 413 2364 ac
438 2299 521 2364 Bele
551 2299 696 2364 illustris
725 2301 816 2384 regis
839 2301 1001 2385 Ungarie,
1026 2302 1162 2385 fuitque
1186 2306 1296 2366 mater

178 2387 336 2453 Heinrici
358 2389 483 2453 famosi
513 2389 610 2454 ducis
633 2388 775 2453 Polonie
785 2389 807 2467 ⁴,
832 2410 934 2473 quem
957 2393 1120 2455 strennue
1143 2411 1294 2474 pugnan-

177 2481 250 2542 tem
273 2498 335 2561 pro
351 2470 482 2562 patrie¹
501 2481 605 2561 atque
628 2498 689 2562 pro
713 2477 841 2562 populo
858 2477 1056 2542 Christiano
1078 2479 1116 2541 in
1132 2479 1294 2542 conflictu

177 2565 313 2630 Tartari
336 2566 547 2631 occiderunt.
594 2566 669 2631 Hec
697 2570 817 2630 sancte
839 2559 1053 2650 Hedewigis¹
1083 2567 1199 2632 fuerat
1221 2566 1295 2632 filia

179 2654 275 2720 (lueis
300 2655 341 2720 de
364 2654 528 2719 Meran⁵.·

77 2809 80 2816 ,
139 2775 168 2814 2⁶
284 2744 382 2828 Aput
391 2742 570 2808 Coloniam
580 2743 808 2828 Agrippinam
818 2744 854 2806 in
865 2743 1014 2807 crastino
1026 2744 1388 2810 sanctiLucem·⁶oa.1a

177 2833 213 2894 in
237 2831 347 2916 prelio
370 2832 498 2916 captivi
522 2833 638 2896 ductin
659 2836 740 2896 sunt
756 2832 1031 2918 archiepiscopus
1048 2831 1292 2910 Coloniensisl,

176 2991 198 3036 a)
219 2985 344 3039 peccudum
358 2989 377 3030 ¹.
458 2986 594 3039 b)olym1.
676 2991 696 3036 e)
716 2987 747 3027 sle
764 2987 783 3030 6.
797 2987 821 3031 P.
834 2988 854 3026 L
861 3001 870 3036 ,·
890 2987 991 3038 pluribus
1005 2989 1023 3030 1.
1100 2985 1124 3039 d)
1144 2989 1261 3040 cathelogc
1275 2991 1294 3032 1.

177 3045 199 3089 e)
218 3043 322 3092 ucrlpslt
336 3042 355 3083 ἱ.
417 3039 436 3093 l)
457 3038 583 3080 witrionem
598 3042 617 3085 1.
679 3041 701 3092 g)
721 3042 753 3080 ric
766 3041 785 3085 2.
799 3041 831 3090 P,·
853 3053 895 3084 cm.
908 3044 928 3092 1,
943 3041 979 3080 um
992 3041 1014 3084 Ιι.
1027 3041 1043 3081 l.
1057 3041 1187 3082 clerlmrum
1201 3053 1293 3092 capm-

176 3099 222 3134 rum
236 3097 256 3137 1.
322 3095 346 3143 b)
359 3095 506 3135 breslsmennl
519 3095 539 3137 2.
612 3095 629 3146 l)
643 3092 753 3145 hedwigis
767 3094 807 3136 hoc
822 3095 867 3134 loeo
882 3096 900 3137 1.
967 3092 992 3142 Ιι)
1005 3093 1101 3146 Elymas
1115 3095 1142 3136 tle
1156 3097 1261 3146 Marpurc
1275 3097 1293 3139 l.

139 3148 192 3196 601)
205 3158 272 3198 pugn.
286 3148 400 3198 propriam
415 3149 434 3191 1.
487 3145 608 3199 misenate
622 3148 761 3188 Luciemals
774 3148 841 3192 RH.
894 3149 918 3196 n)
931 3149 963 3188 etr
975 3147 1082 3200 2.P.1,;
1095 3153 1149 3189 sunt
1162 3149 1224 3190 duell
1238 3153 1257 3193 1.

174 3273 232 3338 filio
250 3272 399 3338 materaria·
415 3271 474 3336 filia
485 3274 558 3338 repis
573 3271 713 3325 Bolumioe
730 3274 889 3340 ἀωροωαια
901 3287 954 3324 esee
965 3272 1074 3336 detur,
1091 3273 1137 3324 aad
1154 3272 1217 3325 aaa
1234 3274 1294 3337 for·

174 3343 251 3396 mula
275 3359 330 3396 roa
355 3359 389 3394 ee
413 3359 475 3396 cera
499 3349 577 3396 cartu
601 3345 780 3411 transscripta
804 3349 850 3408 eet,
876 3357 935 3394 cum
952 3343 1011 3410 filia
1029 3358 1054 3397 α.
1076 3344 1153 3399 1266.
1170 3351 1238 3396 matu
1255 3343 1295 3396 ἰὸν·

175 3417 232 3466 iem
250 3414 351 3466 rutilis
370 3416 465 3466 matie
483 3430 536 3466 seeo
559 3420 583 3466 et
601 3416 802 3467 matrimonium
827 3417 897 3466 inter
915 3429 972 3466 acm
994 3419 1018 3466 et
1042 3413 1128 3479 filium
1146 3414 1295 3481 lmeprcrir'

175 3488 231 3538 r'cm
258 3491 420 3538 contractum
450 3500 503 3537 asse
529 3485 643 3540 damur.
688 3485 730 3549 Cf.
760 3485 871 3551 Weycle,
899 3485 1051 3538 ‘Friedrich
1080 3486 1128 3537 der
1155 3486 1293 3552 Frm'dr'pe'

139 3569 201 3626 etp.
221 3559 265 3624 64,
284 3573 311 3610 n.
330 3559 355 3611 2.
430 3558 473 3623 13)
493 3555 683 3622 Cunipundrm.

285 3628 311 3696 1)
330 3625 428 3695 Supini
448 3652 479 3670 =
499 3625 603 3694 superni,
620 3627 725 3680 cornice
742 3626 889 3685 Botemr'ce,
962 3629 990 3694 2)
1010 3627 1085 3692 Quod
1101 3629 1157 3680 r'cm
1175 3644 1200 3682 a.
1215 3629 1292 3684 1266.

175 3701 277 3764 factum
294 3699 398 3751 milam
416 3713 476 3763 cesa,
495 3697 569 3766 Epic.
588 3699 684 3750 dumam
703 3698 821 3764 Sibeicc,
840 3698 888 3753 88.
902 3698 982 3762 XIX,
996 3715 1026 3765 p.
1045 3701 1113 3754 551:
1132 3697 1215 3753 VIII.
1228 3697 1291 3754 Kal.

174 3769 259 3836 θεας
282 3770 344 3821 Vtra
361 3769 498 3836 Hecatae
516 3785 536 3822 c.
556 3771 598 3834 11,
623 3769 732 3834 etmel,
758 3768 807 3822 88.
825 3785 917 3821 mum
936 3769 1011 3824 Silae,
1031 3769 1070 3832 ΙΙ,
1090 3786 1121 3836 p.
1140 3771 1190 3824 26:
1216 3785 1239 3826 a.
1258 3769 1292 3824 D.

176 3843 255 3897 1267.
274 3841 361 3906 (falso
378 3837 485 3893 Ydibus
504 3837 639 3906 Octobris,
658 3841 705 3892 uhi
722 3841 775 3892 alii
790 3841 903 3892 mdicss:
928 3837 1039 3895 XVIII.
1053 3838 1117 3895 Kal.
1135 3839 1224 3908 Dea),
1248 3841 1293 3894 aad

137 3914 222 3966 cohor
240 3913 344 3966 demum
362 3927 435 3964 aare
448 3911 653 3979 promulyutum
671 3912 767 3964 litterae
786 3911 923 3964 Clementis
944 3927 1034 3980 papae
1057 3911 1128 3964 dare
1146 3912 1229 3966 Mart.
1248 3914 1292 3978 26,

174 3984 297 4036 Potttcst
315 3999 359 4037 nr.
373 3985 468 4040 19961.
541 3985 568 4050 3)
588 3983 647 4036 Alii
664 3983 732 4036 alios
749 3982 806 4035 diae
822 3983 956 4035 immam:
979 3985 1052 4037 Ara.
1073 3983 1199 4038 ermom
1218 3987 1291 4050 mci,

175 4057 224 4110 SS.
242 4055 322 4118 XIX,
346 4072 375 4123 p.
394 4057 459 4120 541,
487 4055 557 4120 rap.
576 4056 618 4109 24.
637 4053 698 4118 (ubi
715 4054 786 4118 falso
804 4054 852 4106 boc
869 4055 911 4105 die
928 4057 1089 4106 canonizata
1107 4053 1292 4116 semilaicum

175 4128 247 4180 raa.
267 4125 455 4190 Hennam,
472 4124 508 4179 a.
522 4142 552 4192 p.
564 4127 632 4180 547:
651 4127 721 4191 Aua.
741 4127 792 4190 aa,
816 4125 878 4177 rra
890 4125 1026 4192 semme
1043 4128 1117 4193 212,
1137 4126 1153 4179 1.
1168 4125 1184 4179 r.
1198 4143 1229 4250 p
1242 4127 1292 4181 ee:

175 4195 390 4251 MOOLXVIII.
416 4195 514 4262 (falso)
539 4193 618 4250 XVI.
643 4194 706 4250 Kal.
726 4193 813 4264 Sept,
837 4197 885 4248 uhi
907 4196 958 4248 alii
981 4197 1094 4248 mdicer:
1120 4193 1175 4249 Mc
1223 4193 1292 4251 VII.

138 4266 238 4328 mXV.
252 4266 316 4323 Kal.
330 4265 405 4335 Sept.
463 4267 491 4334 4)
512 4267 587 4319 Umor
605 4267 721 4320 videlicet
738 4267 898 4319 Heimrr'cil.
916 4268 991 4318 ducis
1009 4267 1126 4322 silesiae.
1182 4267 1209 4334 5)
1225 4268 1292 4320 Ber·

176 4339 262 4393 tholdr'
279 4339 330 4394 IV.
403 4339 430 4406 6)
449 4337 512 4406 Ipso
529 4338 572 4390 dia
589 4337 676 4390 Imrccc
694 4337 761 4401 (Oct.
775 4339 823 4404 18)
841 4339 887 4391 tor
905 4339 1007 4403 factum
1025 4355 1077 4392 esec
1094 4340 1207 4392 madum
1218 4339 1291 4394 Ama

177 4413 333 4480 Apripps'n,
354 4409 402 4464 SS.
419 4409 499 4474 XVI,
514 4425 544 4475 p.
559 4410 619 4463 736.
692 4409 718 4478 7)
737 4408 908 4474 mmmmm
926 4410 968 4467 11.

1027 4518 1078 4575 43*
