3266 4852
592 379 761 436 cleonice
777 379 912 438 Mntoa
1259 385 1312 440 537

299 557 383 611 Anno
401 557 513 612 Domini
529 556 634 614 XLVI.
663 558 737 612 faeta
764 561 805 612 est
828 557 988 629 gravissima
1013 559 1100 614 lomes
1124 573 1174 628 per
1194 557 1310 628 Syriam,
1319 567 1376 610 att.

193 645 276 698 quam
295 628 377 683 etiem
389 628 504 698 Agabus
516 629 652 698 propheta
669 628 835 698 predixerat,
854 635 885 684 ni
897 630 925 682 in
938 629 1055 685 Actibus
1068 630 1175 700 legitur.
1246 630 1310 686 Hoc

194 716 265 754 anno
283 699 382 754 Petrus
406 700 553 770 aposlolus,
572 700 709 769 primus
734 717 837 770 papa,
857 701 931 755 venit
951 701 1078 770 Romam,
1098 700 1238 771 [alaudis
1261 703 1310 756 lm-

193 788 327 928 ffirtsgoris
352 805 423 842 suno
441 787 526 858 ΙΠΙ].
567 777 704 842 Marcus
735 777 957 862 ewangelista
980 777 1226 843 Alexandriam
1256 800 1310 862 pe·

166 894 180 934 s
279 888 285 901 ·
312 915 319 929 .

308 1055 337 1125 *)
355 1055 402 1111 02
420 1055 493 1121 add,
514 1057 620 1108 omiseris
636 1055 803 1124 scqumtibus
823 1085 853 1096 -
870 1075 899 1125 p.
919 1059 981 1123 540,
1001 1058 1019 1111 l.
1037 1059 1072 1112 29
1092 1057 1175 1126 (bone
1193 1055 1310 1125 impera-

352 1127 420 1195 tor):
445 1125 528 1180 Anno
546 1124 657 1179 Domini
674 1125 706 1182 L.
728 1125 831 1180 Paulus
849 1126 988 1196 apostolus
1007 1131 1074 1196 aput
1091 1127 1216 1182 Athenas
1234 1145 1309 1181 aram
1320 1139 1349 1180 a.

351 1214 447 1284 ignoto
466 1213 517 1268 deo
535 1215 747 1284 superscriptam
764 1214 887 1284 repperil
904 1213 936 1266 et
951 1210 1138 1283 Dyonisium
1157 1211 1199 1267 ad
1213 1209 1310 1268 fldem

352 1298 516 1355 convertit.
549 1297 656 1355 Sancti
671 1297 814 1372 Dyonisii
836 1298 929 1356 huius
948 1299 1112 1356 ecelesiam
1135 1302 1213 1374 aput
1228 1298 1310 1356 Pari·

353 1386 419 1442 sius
439 1383 582 1444 Chrisism
606 1385 753 1444 dominus
777 1387 980 1462 solempniter
1002 1388 1206 1446 consecravit.
1241 1388 1309 1445 Hoc

353 1473 497 1532 Christus
520 1479 632 1533 notum
655 1475 730 1533 ieoii
759 1493 814 1551 per
836 1477 995 1551 quendam
1021 1477 1190 1552 leprosum,
1215 1495 1309 1552 quem

352 1563 520 1621 mundavit
543 1564 702 1622 abstracta
726 1565 784 1622 sibi
807 1565 888 1640 pelle
911 1582 983 1622 oum
1006 1566 1102 1640 lepra.

459 1652 523 1710 Iste
552 1653 655 1710 littere
684 1653 813 1712 invente
843 1657 919 1711 sunt
940 1654 1151 1713 iherosolimis
1179 1655 1212 1711 in
1236 1671 1309 1730 quo·

352 1741 427 1799 dam
449 1742 665 1799 vetustissimo
688 1742 777 1812 libro,
802 1742 919 1800 scilieet
942 1737 1147 1819 sequentes1:

707 1830 903 1906 Epistola.

458 1907 579 1960 Iohanni
601 1915 692 1961 sancta
715 1911 817 1962 seniori
841 1925 906 1962 suus
923 1909 1052 1977 Ipnacius
1075 1916 1099 1962 ct
1123 1912 1173 1977 qui
1195 1926 1254 1962 aum
1280 1926 1308 1964 co

352 1985 415 2032 suat
433 1979 544 2045 fratres.
581 1980 622 2033 De
646 1985 693 2032 tua
718 1996 795 2032 mor-a
819 1981 937 2034 dolemus
956 1985 1083 2048 praviter,
1103 1981 1308 2034 alhcraionibus

352 2056 376 2102 ct
393 2051 617 2104 consolationibus
635 2054 689 2103 tuis
706 2052 905 2105 corroborandi.
942 2052 975 2105 Si
995 2059 1044 2104 tua
1062 2053 1184 2106 absencia
1199 2060 1308 2120 praten·

351 2122 435 2188 ditur,
454 2123 550 2175 multas
567 2123 695 2178 dcetitum
728 2123 858 2190 Properas
875 2125 961 2189 icitur
978 2125 1074 2187 antire,
1093 2127 1159 2192 qula
1176 2125 1308 2176 eredimus

351 2193 482 2260 expedire.
518 2194 589 2245 Sunt
612 2201 700 2246 autem
724 2195 806 2246 multe
829 2196 861 2247 da
884 2196 985 2247 abaris
1009 2195 1166 2247 mulieribus
1186 2195 1308 2247 Mariam

308 2293 310 2296 -
352 2269 463 2316 matrem
488 2264 550 2316 Itsu
574 2265 661 2317 ctam
684 2267 815 2333 cupientes
839 2271 862 2316 et
888 2266 992 2318 cottidie
1015 2281 1033 2318 a
1057 2267 1133 2318 nobis
1157 2268 1308 2319 disacrrcre

351 2334 472 2400 volentos,
490 2341 520 2386 at
531 2351 589 2387 earn
600 2338 754 2402 continaant
772 2343 795 2388 st
807 2336 889 2388 ubera
905 2339 963 2390 circs
980 2343 1143 2404 contrectent,
1162 2353 1211 2404 que
1223 2339 1308 2390 domi·

351 2423 417 2458 num
439 2407 526 2460 Iesum
551 2407 687 2472 aluerunt,
713 2415 737 2460 et
760 2407 872 2474 qaedam
896 2410 953 2460 ciue
976 2414 1074 2460 secreta
1096 2415 1306 2476 percunctentur.

351 2477 417 2545 Ipsa
435 2479 513 2544 enim,
538 2493 620 2544 quam
636 2479 735 2544 dilinit,
762 2479 867 2531 Salomc
891 2479 970 2543 filia<²
993 2479 1176 2532 iherosolimis
1193 2480 1308 2546 quinque

351 2549 484 2602 mansibus
501 2555 643 2615 aputeum
660 2565 826 2602 commorans
845 2555 868 2600 at
885 2550 995 2616 puidam
1014 2547 1086 2601 aliid
1107 2553 1225 2603 omnium
1241 2566 1307 2614 ara-

352 2621 476 2672 ciarnm0
499 2620 696 2674 habundantem
721 2627 745 2672 ct
762 2622 880 2672 munium
897 2623 1027 2672 viriatum
1044 2621 1195 2686 secundam,
1221 2629 1253 2684 et,
1277 2627 1307 2673 ut

352 2690 452 2756 dicunt,
478 2692 508 2742 in
533 2689 755 2743 tribulacionibus
779 2696 803 2744 ct
825 2693 1053 2758 persecutionibus
1076 2699 1113 2744 est
1136 2691 1250 2758 hylaris,
1277 2694 1308 2744 in

347 2764 473 2830 penuriis
497 2767 521 2814 ct
545 2763 702 2829 indiqmciis
724 2778 778 2814 non
801 2763 920 2829 querum,
946 2763 1144 2815 inium'antibus
1160 2769 1242 2828 arata
1260 2761 1304 2816 af

351 2833 459 2885 molesta
486 2833 594 2899 matur,
618 2835 724 2885 miseris
748 2840 772 2885 ct
796 2833 910 2898 afflictis
933 2835 1068 2899 coafflicta
1095 2835 1162 2887 dour
1193 2840 1216 2887 ct
1246 2835 1307 2886 sub-

351 2907 439 2957 venire
463 2919 517 2956 non
541 2907 676 2972 piprcscit,
704 2909 797 2957 contra
820 2906 949 2958 vicimum
972 2906 1137 2972 pestifeross
1158 2907 1188 2957 in
1212 2923 1307 2973 puyna

351 2972 436 3040 ,iduh
458 2975 561 3027 mttidic
583 2976 694 3042 nitescit,
722 2973 865 3028 humilibus
892 2977 996 3043 quidem
1020 2982 1057 3028 est
1084 2977 1182 3042 devota,
1210 2977 1307 3030 devotis

351 3047 436 3099 devote
454 3046 624 3113 humiliatur,
643 3053 733 3100 nostre
747 3063 811 3100 naue
822 3047 961 3112 relipionis
979 3053 1002 3100 et
1015 3051 1162 3114 pmitcncic
1173 3051 1307 3114 mapietra

351 3125 375 3170 ct
392 3123 459 3186 aput
476 3117 564 3182 fideles
581 3119 700 3170 manium
718 3133 828 3186 operum
848 3121 960 3184 pietatis
977 3121 1111 3185 ministra,
1135 3119 1169 3170 ab
1187 3119 1308 3171 omnibus

350 3189 549 3254 mayaifimtur,
573 3204 632 3240 cum
650 3205 668 3240 a
685 3189 780 3242 scribr's
798 3195 822 3242 ct
839 3189 978 3241 Phariseis
995 3191 1021 3243 ei
1037 3190 1205 3244 detrahatur.
1242 3191 1307 3242 Pre-

351 3265 422 3312 terca
440 3261 521 3311 multi
536 3257 676 3328 [mahtai]
693 3261 816 3324 referunt
840 3261 871 3312 de
894 3261 991 3326 cadem
1016 3261 1060 3313 scd
1081 3267 1168 3313 tamm
1186 3262 1307 3314 omnibus

349 3347 399 3399 per
418 3333 508 3383 annia
531 3347 584 3384 non
609 3331 736 3383 aidanus
756 3331 833 3396 fidem
851 3333 985 3384 conmdcrc
1002 3348 1048 3383 acc
1065 3332 1116 3383 tibi
1131 3333 1242 3398 referre,
1262 3334 1307 3386 scd

351 3408 380 3454 ut
398 3401 473 3454 nobis
490 3399 649 3468 antiquat<
662 3407 805 3469 narratur,
825 3405 855 3454 in
868 3399 979 3454 Maniai
994 3403 1055 3455 Iesu
1077 3403 1192 3455 humane
1209 3410 1308 3455 nature

350 3480 452 3525 natura
476 3476 628 3526 sanctitatis
651 3475 766 3540 anaclicc
790 3476 914 3538 smiatur,
936 3480 960 3526 et
978 3473 1022 3527 hcc
1040 3475 1108 3526 talia
1126 3476 1306 3528 excitaverunt

351 3547 451 3597 viscera
476 3550 570 3597 nostra
596 3551 620 3597 ct
644 3550 738 3611 cocunt
759 3545 834 3598 valde
857 3545 1010 3597 desiderare
1034 3552 1167 3612 aspectum
1193 3548 1257 3610 eius,
1281 3548 1308 3596 si

154 3725 213 3773 40⁰>
233 3721 531 3764 nursiamcasam.
584 3721 607 3770 b)
627 3722 749 3764 venien.
804 3721 824 3772 o)
846 3722 1034 3765 sinuessanae.
1095 3719 1306 3772 disseminanda

190 3776 240 3816 noti
253 3776 355 3816 referunt
368 3786 416 3814 eam
431 3775 463 3813 cel
476 3773 621 3814 notificavere
634 3775 727 3815 undem
741 3779 834 3815 matrem
848 3776 897 3817 Dei.
978 3778 999 3819 ei
1018 3785 1066 3816 esse
1081 3776 1132 3817 aad.
1146 3776 1178 3818 al.
1246 3774 1306 3822 iisd

190 3829 283 3870 inolente
296 3830 329 3868 asi
343 3833 365 3868 et
379 3826 479 3868 modesta
497 3828 521 3867 in
535 3837 559 3867 re
573 3828 625 3870 ieta.
652 3829 702 3868 MIs.
716 3829 748 3872 cd.
808 3833 831 3879 g)
848 3829 924 3878 mappis
937 3829 1055 3869 conflictus
1068 3840 1095 3868 ccc
1108 3829 1141 3871 ed.
1210 3828 1233 3879 a>
1253 3827 1306 3869 Iidci

190 3882 317 3933 disceptans
332 3882 434 3922 enitescit
447 3882 481 3922 cd.
536 3881 552 3932 i)
565 3891 593 3920 cn
606 3881 638 3926 cd.
651 3883 729 3932 ampl,
744 3893 784 3925 om.
797 3893 815 3925 c.
868 3881 919 3930 k)s
932 3880 978 3922 aas
991 3879 1064 3934 dignls
1078 3884 1110 3926 sci.
1163 3882 1179 3930 l)
1193 3882 1262 3922 Maris
1277 3894 1306 3931 c.,·

190 3942 261 3977 matrs
275 3936 326 3979 add.
340 3937 373 3978 cd,

153 4091 180 4131 ιι
191 4081 218 4148 1)
239 4078 311 4144 Quat
327 4093 393 4133 saco.
404 4076 455 4132 XI.
473 4077 513 4129 ccl
524 4079 617 4145 potius
629 4076 697 4131 XII.
716 4076 847 4144 confidas,
866 4091 925 4128 curn
937 4077 1048 4143 syllabis
1060 4079 1181 4129 consoms
1193 4079 1223 4128 in
1235 4077 1307 4128 claa-

189 4149 258 4201 sulis
276 4152 466 4202 malentiarum
485 4155 596 4202 ornatae
613 4151 677 4214 sint,
696 4164 772 4214 saepe
789 4149 874 4201 editae
890 4155 962 4215 suat,
982 4155 1012 4199 ut
1025 4148 1093 4203 Bibl.
1106 4165 1179 4202 asan.
1193 4155 1306 4200 ceterum

185 4226 300 4287 patrum
311 4221 455 4288 (Lusaduni
467 4222 550 4283 1677)
563 4219 602 4286 II,
619 4237 647 4287 p.
660 4222 710 4287 75;
729 4219 828 4286 Miane,
846 4219 945 4274 Patrol.
960 4220 1063 4271 &acca
1077 4219 1108 4284 V,
1127 4219 1174 4271 col.
1187 4221 1238 4274 941
1251 4236 1306 4287 sqq.

189 4291 241 4344 Sed
265 4293 299 4344 ab
322 4293 401 4345 editis
423 4293 506 4342 nimis
530 4293 601 4343 inter
618 4307 645 4343 se
662 4290 849 4355 differentibus
868 4290 911 4342 hic
929 4296 1016 4343 textus
1033 4290 1126 4342 multas
1144 4291 1305 4357 lanionibus,

187 4364 292 4432 partim
316 4365 458 4432 corruptis,
481 4365 587 4429 partim
605 4362 688 4428 basis,
707 4361 818 4424 recedit·
843 4377 960 4429 quonum
976 4364 1155 4430 paucissimas
1172 4362 1307 4418 adnotavi.
