3186 4852
313 369 363 424 148
402 363 405 372 '
454 364 621 420 ORONIOA
640 363 668 420 S.
681 361 796 417 PETRI
814 361 1075 418 ERFORDENSIS
1094 361 1291 420 MODERNA.

419 548 475 613 Ac
495 568 602 612 ceram
625 545 785 610 lectionem
807 544 1040 623 inveniendam,
1064 545 1201 610 unanime
1226 545 1281 609 ubi
1308 546 1429 611 codices

312 658 350 702 ea
373 635 415 702 iis
432 635 569 718 profecti
599 633 653 716 aui
675 640 732 698 aab
760 634 847 700 cous.
873 634 903 698 Ι.
931 640 987 698 ant
1010 633 1063 697 II.
1087 634 1172 698 uincti
1194 633 1428 700 semilaicum

273 769 275 776 ,
312 725 474 804 diffusum,
505 723 631 804 faciani
659 744 728 788 mm
754 723 857 802 fantes
885 721 1038 788 Cronicac
1062 723 1096 788 S.
1113 723 1211 804 Pelei,
1242 729 1308 786 lum
1330 723 1429 788 libelli

312 835 350 880 en
372 813 483 879 iisdem
505 812 646 892 fontibus
668 811 783 892 bausli,
807 811 862 892 qni
885 811 921 876 iu
944 833 982 876 ea
1004 810 1152 892 exscripti
1174 819 1256 893 sunl,
1281 818 1315 876 ul
1337 813 1426 877 Ann.

313 903 606 985 Erubesfurclenses
644 899 838 966 Lalbasiani
875 923 906 964 a.
938 906 1171 980 1125—1137,
1209 921 1286 981 quos
1323 901 1462 982 Erulus

312 991 447 1074 sinuavi,
472 991 618 1056 Annales
633 989 850 1071 Peyaaienses,
875 989 949 1071 Pea.
973 987 1102 1070 sianali,
1126 989 1272 1054 Assnales
1287 990 1428 1072 Embor·

312 1083 421 1146 denses
445 1101 475 1144 a.
503 1083 736 1158 luno—1253,
767 1078 869 1160 Ecpb.
892 1077 1023 1160 siynali.
1073 1079 1160 1159 anae
1183 1099 1252 1142 cum
1274 1078 1334 1160 bis,
1359 1101 1429 1143 cnm

312 1169 401 1234 Anu.
427 1169 460 1234 S.
477 1167 598 1233 Albani
623 1163 856 1250 (Wireibnry.)
881 1172 909 1230 et
932 1188 1001 1232 cum
1023 1166 1112 1231 Ann.
1138 1166 1171 1230 S.
1189 1166 1278 1232 Pelri
1300 1166 1428 1232 maiori-

313 1257 377 1333 bus,
408 1257 492 1321 inler
518 1279 548 1320 a.
576 1261 670 1320 1209.
701 1261 729 1320 el
755 1261 848 1320 1215.
880 1277 949 1319 cum
984 1254 1120 1320 Cronica
1151 1255 1428 1320 Ileinbacclsbrun-

313 1345 413 1427 nensi,
438 1366 476 1410 en
492 1344 648 1410 Historiis
663 1343 805 1409 uidelicet
820 1343 1245 1425 Reinbamlsbsnnnensibns,
1269 1365 1349 1424 quas
1364 1366 1428 1409 nan
1440 1367 1465 1404 ιο

312 1435 454 1516 intensas
477 1435 634 1514 babemus,
658 1433 825 1514 essmiptn,
849 1432 885 1497 in
906 1432 999 1498 Cion,
1017 1439 1127 1497 nostra
1150 1433 1346 1512 sonssseniunl
1370 1455 1428 1498 sne·

312 1523 378 1588 iliis
409 1519 614 1600 (minoribus)
645 1521 771 1602 lillccis,
802 1541 867 1586 non
896 1520 1051 1602 minimis,
1075 1523 1257 1586 succedenda
1285 1521 1395 1586 cacani
1406 1523 1426 1602 ¹,

313 1633 382 1679 cnm
405 1632 469 1676 non
492 1610 662 1676 habeamus
684 1611 791 1674 eadem
815 1609 1008 1690 exemplaria
1030 1609 1207 1690 censualium,
1232 1632 1311 1692 accae
1334 1611 1370 1675 in
1391 1633 1428 1675 ea

312 1700 470 1781 exscripta
499 1705 592 1778 sunl;
625 1699 698 1764 ilem
730 1719 810 1780 accae
844 1698 1047 1764 Conliuuulio
1078 1698 1152 1763 III.
1188 1720 1257 1763 cum
1291 1702 1428 1764 secunda

314 1788 492 1855 communia
521 1789 612 1852 babel
640 1787 752 1852 maliis
782 1787 895 1851 laceris
925 1807 1073 1868 esmessa
1098 1793 1180 1868 sunl,
1214 1789 1297 1853 'cum
1326 1788 1428 1852 Gonn-
1440 1817 1464 1857 15

314 1877 495 1942 nuationem
511 1876 563 1941 ΙΙ.
588 1897 653 1940 nan
668 1876 834 1957 intensam,
858 1877 913 1940 secl
930 1882 1075 1958 sescupla
1090 1876 1157 1940 eins
1179 1883 1302 1942 lanlccm
1318 1877 1428 1941 babea-
1439 1873 1532 1923 ῬΜ

256 2023 259 2032 ,
313 1987 392 2030 miss.
432 1967 498 2046 Quo
516 1967 606 2030 sinodo
628 1966 723 2030 lecton·
737 1963 868 2044 facilius
891 1971 1057 2046 coenasset,
1080 1986 1161 2045 qnae
1183 1964 1220 2029 in
1243 1962 1293 2029 bis
1316 1964 1412 2030 libelli

313 2055 361 2119 vel
376 2053 525 2137 partibus
548 2055 741 2134 conmordent,
765 2074 845 2134 quac
867 2052 1028 2136 (lefferanl.
1064 2054 1118 2117 Ea
1141 2053 1233 2118 libris
1255 2061 1427 2135 auctorum,

313 2142 368 2225 qai
391 2143 472 2208 locos
492 2142 647 2208 Cronicae
664 2143 696 2206 S.
710 2141 801 2206 Pelei
815 2141 1056 2222 exscripserunt,
1081 2163 1150 2206 eam
1165 2148 1288 2206 insitum
1303 2142 1429 2207 uariam

314 2231 474 2296 lectionem
503 2231 607 2310 attuli,
639 2252 734 2312 accam
763 2251 801 2294 ea
829 2230 986 2295 codicibus
1015 2231 1082 2294 eius
1111 2233 1151 2296 ab
1181 2230 1246 2295 illis
1275 2231 1465 2296 aclbibilisso

307 2320 485 2402 profectam
514 2341 579 2384 esse
607 2320 655 2384 cel
677 2320 787 2384 sallem
810 2319 975 2401 molicisci
991 2319 1133 2400 poluisse
1155 2321 1325 2400 censebam,
1349 2341 1429 2402 qnae

313 2415 455 2474 auctores
483 2415 685 2474 incitauerunt
712 2409 758 2472 cel
787 2407 988 2488 acldiclmnnl,
1020 2407 1121 2488 annisi,
1146 2410 1229 2490 quael
1249 2408 1352 2473 elicere
1374 2407 1429 2473 niu

314 2497 458 2580 apamuil.

425 2585 536 2652 Codice
553 2592 570 2649 1
590 2585 737 2666 cleliam,
758 2587 842 2666 quod
855 2585 980 2665 incisum,
1005 2591 1044 2649 1⁸
1059 2587 1141 2650 male
1156 2607 1232 2650 usus
1247 2586 1307 2650 Br.
1323 2587 1429 2650 Stilbel

319 2674 487 2740 Granicum
518 2675 550 2739 S.
580 2673 669 2738 Pel-ri
698 2673 796 2738 edidit
828 2673 863 2738 in
894 2673 978 2754 ‘be
1014 2677 1070 2740 cler
1100 2675 1242 2739 Prouinn
1272 2675 1465 2740 Sacbsen’ss

315 2761 609 2844 (Halle1870)l,
633 2786 667 2845 p.
689 2763 847 2826 1-1842.
905 2764 1007 2844 &cam
1036 2761 1202 2828 eclilionem
1231 2763 1323 2828 iustis
1350 2763 1429 2827 colis

314 2872 379 2917 non
401 2851 590 2931 satisfecisse
613 2851 756 2916 amitibus
778 2858 884 2916 nolum
907 2857 960 2932 esl,
984 2853 1040 2916 secl
1060 2851 1161 2916 editos·
1175 2852 1306 2916 aceritus
1329 2858 1372 2916 esl
1391 2853 1429 2916 ele

314 2939 395 3004 viris
424 2940 530 3020 cloelis,
563 2941 646 3021 quod
667 2961 729 3021 pec
758 2939 872 3022 viyinli
900 2940 1036 3021 quinque
1065 2962 1168 3005 asinos
1197 2941 1257 3006 bac
1292 2939 1429 3006 Osonica

315 3027 503 3093 commodius
525 3028 572 3092 uli
588 3035 725 3111 possent.

428 3115 538 3181 Versio
565 3117 759 3182 Germanica
782 3116 890 3199 pariis
917 3115 1070 3183 Oranicae
1093 3123 1219 3182 nostrae
1242 3139 1273 3182 a.
1293 3123 1465 3181 1100—20

319 3212 412 3269 1215.
432 3211 557 3271 auclore
577 3205 616 3270 G.
634 3205 812 3272 Grandanr
830 3205 915 3270 edila
930 3211 975 3271 esl
992 3205 1076 3270 inler
1092 3205 1429 3271 ‘Gescbicbbscbreiber

244 3317 247 3324 ⁴
315 3296 372 3359 der
397 3295 562 3359 deutschen
590 3294 727 3358 Voceeil’
758 3293 890 3376 Lipsiae
919 3317 949 3359 a.
978 3301 1070 3358 1881.
1102 3301 1131 3360 el
1159 3295 1271 3359 ilerum
1301 3293 1337 3358 in
1366 3295 1428 3360 ecli-

315 3382 398 3447 lione
432 3382 533 3447 alleca
562 3385 729 3447 eorundem
759 3403 828 3447 cum
856 3383 1061 3464 praefatione
1096 3383 1258 3449 Wilbelmi
1291 3383 1427 3449 Wallen·

316 3472 394 3536 bacb
415 3493 446 3535 u.
467 3476 561 3536 1893.

427 3559 504 3625 &cm
527 3581 633 3624 amnes
654 3559 722 3639 fere
743 3559 839 3626 ancelii
862 3559 932 3624 aevi
955 3566 1096 3625 auctores
1118 3559 1173 3642 qui
1194 3559 1288 3626 Gran.
1312 3563 1466 3626 moder-ss

316 3671 392 3714 nam
421 3648 653 3730 ensaipsecnnl
682 3647 747 3712 iam
775 3669 874 3730 suana
896 3649 1114 3730 recensuerim,
1139 3649 1195 3714 boc
1219 3649 1283 3714 loca
1309 3649 1352 3713 iis
1375 3652 1428 3716 acl-

316 3893 362 3944 Ra
373 3907 426 3945 esse
436 3893 546 3944 codicem
555 3892 730 3943 Isenacmsun
742 3893 868 3944 Cram'eae
876 3893 1079 3958 Ru'nbardsbr.,
1091 3893 1123 3944 ne
1134 3909 1186 3960 qua
1197 3894 1254 3946 aide
1266 3894 1310 3948 (Ν.
1318 3895 1429 3946 Arcbiv’

317 3962 396 4028 XXI,
410 3979 440 4029 p.
453 3965 615 4017 289-291.
676 3965 700 4025 1)
720 3963 773 4015 His
784 3969 861 4015 nolus
879 3980 971 4016 rerum
989 3964 1211 4032 explicandarum
1228 3980 1310 4017 causa
1324 3981 1429 4032 paucus

316 4034 355 4086 vel
371 4033 461 4085 nullas
479 4034 570 4097 adieci,
588 4049 646 4084 cum
666 4036 693 4084 in
713 4036 886 4086 monumentis
904 4035 1176 4102 Erpbesfurlensc'bus
1200 4052 1285 4104 supra
1302 4037 1380 4089 edilis
1406 4043 1428 4088 el

317 4108 346 4157 in
365 4105 442 4156 Gran.
462 4103 655 4157 Reinbardsbr.
674 4121 700 4156 a.
714 4107 901 4162 1209.-1215.
927 4108 1047 4160 inuenies
1070 4122 1138 4173 qum
1162 4107 1318 4159 adnotanda
1336 4107 1465 4162 babuiso

317 4179 344 4241 2)
362 4175 447 4239 Quam
465 4190 518 4226 non
535 4175 664 4240 onaanur
682 4177 818 4242 issscripsil
831 4173 985 4228 chronicon
998 4175 1210 4246 Sampetrinum.
1240 4178 1286 4228 En
1298 4179 1345 4230 buc
1357 4179 1429 4230 colu-

317 4249 387 4298 mine
403 4247 549 4311 separaum
566 4247 665 4298 cunum
686 4245 762 4298 Hella
780 4263 805 4302 a.
818 4247 844 4300 cl.
857 4247 884 4302 S.
906 4250 982 4303 1869.
1001 4265 1059 4299 essm
1081 4249 1157 4300 lilccla
1176 4247 1330 4301 Chronicon
1349 4248 1427 4302 Sam·

316 4317 453 4384 petrinum
471 4313 670 4384 Erphordense.
