3230 4852
330 388 384 442 774
551 381 669 437 LIBER
687 381 939 438 GRONIOOBUM
955 378 1226 436 naroccnnsffl.

332 566 483 631 dendum
507 565 622 648 sepius
645 565 817 628 visitabat.
872 564 1047 646 Siquidem
1078 582 1197 626 omnes
1224 559 1334 636 Iudei‚
1359 560 1450 623 sicut

333 654 471 729 dicitur,
502 652 666 735 quosdam
691 672 858 736 pauperes
881 651 1105 735 vagabundos
1135 649 1266 713 habeut
1288 649 1380 711 inter
1402 667 1449 722 se,

333 762 418 824 quos
449 740 603 804 bubones
632 743 767 811 vocant,
799 760 883 822 quos
912 741 1021 804 eciam
1050 760 1112 822 per
1143 738 1294 800 diversas
1317 736 1450 819 provin·

334 831 403 893 cias
426 850 489 912 pro
512 829 582 892 suis
604 828 757 909 negociis
780 829 937 891 mittunt.
983 827 1050 890 Isti
1078 827 1217 907 itaquel
1244 823 1355 898 Iudei‚
1386 816 1446 885 utb

334 917 471 992 dicitur,
497 915 772 979 Christianorum
795 916 997 998 sanguinem
1029 913 1287 996 concupiscunt,
1319 911 1379 975 sed
1402 912 1476 973 ins

334 1009 466 1069 certum
501 1007 588 1080 est⁰‚
627 1003 719 1066 unde
754 1007 816 1066 aut
850 1023 955 1085 quare
992 1003 1057 1065 hoc
1095 1002 1151 1064 sit.
1208 999 1451 1083 Supradictam

334 1092 484 1176 puellam
511 1091 727 1174 explorantes
751 1092 795 1154 ad
817 1083 1103 1154 interimendamd
1130 1089 1239 1171 ipsam
1271 1108 1348 1150 cum
1378 1107 1452 1169 pre·

335 1181 430 1245 dicta
452 1179 615 1244 mulieree
637 1178 792 1243 malefica
815 1171 1002 1261 promisso‘
1021 1176 1222 1241 tradicionis
1240 1176 1355 1258 precio
1375 1196 1453 1239 eon·

336 1268 442 1332 siliati
472 1271 563 1332 sunt.
610 1265 688 1345 Quo
717 1267 846 1350 prefixo
875 1266 1040 1349 temporis
1063 1265 1119 1328 die
1142 1266 1265 1330 vocata
1288 1267 1341 1328 est
1363 1263 1452 1326 Mar

335 1360 464 1439 gareta,
500 1360 603 1438 atque
631 1355 702 1418 illis
732 1353 948 1418 celantibus⁸
972 1354 1083 1436 ipsam
1113 1353 1149 1415 in
1184 1353 1277 1416 hunc
1311 1352 1494 1415 modumro

334 1444 481 1507 tradidit
504 1444 737 1507 occidendam.
777 1443 902 1524 Itaque
924 1442 961 1504 in
985 1441 1087 1504 domo
1109 1433 1282 1521 undiquell
1307 1440 1454 1504 firmiter

335 1531 495 1595 obserata
524 1531 653 1614 prefati
675 1530 777 1594 Iudei
799 1531 1031 1613 Margaretam
1061 1529 1228 1612 exemptis
1261 1527 1386 1611 gladiis
1416 1531 1452 1592 et

336 1618 457 1683 cultris
488 1637 549 1701 per
572 1619 754 1682 circuitum
779 1620 901 1683 domus
922 1611 1085 1682 interiusi
1116 1618 1248 1700 agitare
1276 1619 1451 1700 ceperunt,

336 1711 376 1770 ut
399 1707 447 1770 sic
477 1707 553 1789 ipsa
582 1706 752 1770 calefacta
784 1701 1008 1789 sanguinemk
1034 1705 1108 1770 eius
1140 1704 1184 1768 ad
1217 1705 1306 1767 cutis
1339 1725 1452 1786 super-

336 1794 448 1858 ficiem
463 1795 652 1858 traherent.
691 1793 762 1857 Illa
776 1799 892 1858 autem
909 1795 1010 1857 nimis
1022 1793 1173 1875 fatigata
1184 1795 1288 1874 atque
1299 1784 1445 1855 lassata¹
1463 1809 1495 1848 1⁵

335 1882 477 1946 tandem
493 1883 529 1944 in
545 1885 672 1946 terram
689 1883 828 1958 commit,
845 1901 946 1963 qnam
963 1881 1017 1944 illi
1033 1881 1216 1944 confestim
1229 1883 1450 1956 assumentes,

337 1989 454 2033 omnes
484 1989 587 2033 venas
622 1970 695 2033 eius
729 1969 975 2034 fleubotomiam
1005 1969 1212 2047 incidentes,
1250 1968 1451 2048 sanguinem

336 2057 444 2140 ipsius
467 2057 503 2119 in
527 2075 586 2119 ras
610 2077 772 2139 magnum
796 2061 1034 2140 receperunte.
1073 2056 1156 2120 Post
1180 2058 1243 2120 hec
1262 2055 1382 2119 taliter
1399 2075 1452 2119 ex·

337 2145 483 2208 tinctam
505 2148 695 2227 posuerunt
717 2145 754 2207 in
778 2145 950 2227 quendam
974 2145 1109 2208 alveum
1133 2147 1168 2208 et
1186 2143 1359 2228 lapidibus
1383 2163 1452 2207 cor·

337 2233 412 2315 pori
427 2231 671 2315 superpositis⁰
692 2233 729 2294 in
744 2232 887 2296 fluvium
903 2233 1039 2297 occulte
1056 2236 1282 2296 merserunrs.
1317 2231 1497 2296 Deindero

336 2341 406 2384 non
430 2319 540 2382 multo
564 2322 642 2402 post
663 2323 774 2383 nutus
802 2321 918 2385 divino
946 2340 1086 2404 corpore
1110 2341 1131 2384 a
1154 2319 1381 2404 piscatoribus
1403 2321 1452 2382 in·

337 2411 440 2472 vento
475 2409 511 2472 et
546 2407 591 2470 ad
623 2407 723 2470 littus
757 2411 932 2490 protracto
964 2409 1124 2472 convenit
1155 2429 1232 2472 oum
1255 2408 1452 2472 marchione

337 2513 463 2578 magna
486 2494 674 2558 multitudo
697 2496 875 2578 utriusque
902 2516 1011 2573 sexus,
1042 2500 1078 2560 et
1106 2496 1288 2560 vulnerum
1317 2496 1453 2558 indiciis

337 2586 495 2666 repertar
523 2585 575 2646 est
603 2583 789 2646 inmanitas
823 2583 970 2648 sceleris.
1019 2584 1134 2647 Affuit
1164 2584 1273 2648 eciam
1302 2583 1452 2666 puella⁵,

338 2667 428 2732 iiliat
458 2670 654 2752 supradicte
684 2671 906 2748 traditrieisl,
938 2692 1148 2754 conquerens
1177 2678 1239 2736 acv
1273 2671 1503 2755 deplorans&

338 2777 398 2822 sue
422 2757 548 2821 dilecte
572 2757 764 2821 consodalis
793 2758 1023 2824 miserabilem
1053 2761 1235 2825 interitum
1257 2760 1456 2841 addensque

338 2846 447 2928 ipsam
470 2867 491 2908 a
515 2845 653 2928 perfidis
677 2845 795 2910 Iudeis
825 2846 1078 2931 interemptam.
1125 2847 1201 2926 Quo
1232 2848 1351 2912 audito
1380 2866 1458 2910 con·

338 2933 481 2996 testimw
504 2933 656 2997 marchio
687 2937 803 3017 portas
834 2935 984 2998 civitatis
1015 2935 1131 2998 claudi
1153 2937 1330 3000 mandavit
1352 2935 1458 3018 ipsos-

339 3040 405 3102 que
428 3019 555 3085 Iudeos
586 3042 664 3084 cum
694 3022 760 3086 reis
791 3022 877 3086 sibi¹
903 3024 1095 3106 presentari
1117 3023 1218 3100 fecit;
1250 3025 1459 3105 inquorum

340 3109 515 3191 presencia
539 3108 702 3173 defuncte
726 3108 841 3193 puelle
857 3131 980 3193 corpus
996 3131 1057 3193 per
1072 3111 1188 3175 omnia
1203 3110 1348 3176 vulnera
1363 3111 1460 3194 cepit
1471 3128 1504 3166 ιο

339 3197 554 3278 sanguinare.
601 3195 734 3274 Quibus
758 3199 938 3262 ammotisy
964 3197 1076 3261 fluxus
1099 3198 1276 3281 sauguinis
1299 3199 1459 3262 cessavit.

340 3283 474 3348 Deinde
497 3286 647 3349 secundo
665 3286 794 3350 vocatis
810 3285 928 3349 Iudeis
944 3288 979 3350 et
996 3286 1156 3369 ingressis
1173 3287 1324 3350 extincte
1340 3285 1461 3369 puelle

341 3391 462 3454 eorpus
492 3375 674 3455 utrasque¹
703 3394 824 3438 manus
854 3373 982 3438 levavit
1010 3375 1048 3436 in
1078 3373 1197 3452 altum,
1228 3375 1462 3438 rubicundam

340 3458 470 3523 habeus
500 3459 625 3524 faeiem
654 3462 823 3538 tamdiu¹¹‚
854 3482 922 3544 quo
951 3466 1068 3545 posset
1097 3463 1339 3546 quinquagena
1371 3462 1461 3545 psal-

340 3567 472 3610 morum
495 3547 643 3610 recitari.
685 3549 781 3613 Tunc
805 3550 913 3614 tercio
936 3550 1063 3614 iterum
1087 3551 1245 3614 ammotis
1272 3550 1392 3614 Iudeis
1423 3553 1502 3614 etas

339 3635 465 3698 iterum
491 3636 659 3700 revocatis
688 3636 815 3700 iterum
845 3637 973 3701 levavit
1003 3659 1124 3701 manus
1154 3641 1194 3701 ut
1224 3631 1349 3720 suprab
1377 3659 1460 3702 cum

340 3721 471 3806 pallida
489 3722 590 3788 facie.
625 3723 723 3787 Talia
739 3725 891 3789 marchio
907 3746 1115 3810 cognoscens
1139 3725 1267 3790 indicia
1289 3725 1461 3791 feminam

339 3965 361 4010 a)
375 3962 432 4006 mitt.
447 3963 529 4012 lsrlqus
543 3962 576 4003 ab.
646 3965 668 4012 b)
682 3965 729 4005 chr.
744 3975 804 4015 sang.
819 3969 843 4006 ut
857 3964 898 4010 dle.
914 3968 934 4008 3.
1012 3969 1032 4016 c)
1047 3979 1087 4010 om.
1102 3969 1134 4010 1⁸.
1202 3964 1226 4018 d)
1240 3965 1420 4006 luter-emendam
1434 3969 1463 4018 23

339 4013 509 4056 interimendam
522 4016 542 4058 8.
616 4023 637 4066 e)
658 4017 745 4061 mitta
759 4039 786 4048 —
799 4019 895 4059 mallfloa
909 4019 942 4063 Ξῖ).
1010 4021 1027 4066 s)
1047 4021 1163 4070 promlsslo
1178 4020 1204 4070 ὃς
1226 4031 1297 4069 prom.
1311 4041 1337 4049 -—
1353 4021 1463 4070 temporis

339 4080 381 4108 om.
397 4067 430 4111 2¹².
484 4071 506 4118 q)
520 4070 610 4114 scelaut.
625 4073 650 4121 2;
665 4071 744 4114 zelant.
759 4070 791 4114 2¹³.
852 4073 875 4120 h)
890 4072 945 4115 firm.
959 4073 1011 4116 und.
1025 4075 1045 4113 ³.
1101 4073 1117 4124 i)
1132 4073 1234 4112 lutericus
1250 4075 1288 4123 1·;
1304 4073 1415 4113 interteus
1430 4073 1499 4115 ΞΜΟ

339 4143 365 4151 -
379 4123 478 4172 aglaum·
496 4123 527 4163 2⁸.
582 4123 605 4172 k)
618 4124 712 4172 seguine
727 4125 760 4168 lb.
826 4126 842 4174 l)
856 4130 902 4173 atq.
916 4127 966 4167 laea
981 4137 1022 4166 om.
1036 4123 1069 4168 2¹0.
1129 4129 1159 4175 m)
1173 4125 1306 4166 fleubotems
1319 4127 1339 4168 5.
1353 4146 1382 4155 -
1396 4127 1464 4166 lnoci-

340 4172 419 4216 denar
433 4173 466 4216 2¹².
506 4177 529 4224 n)
546 4175 721 4225 acceperuutlb.
758 4181 779 4226 o)
793 4178 947 4228 superponitis
961 4176 995 4220 2b.
1034 4181 1058 4227 p)
1071 4179 1240 4218 submerserunt
1250 4181 1280 4221 1¹.
1317 4179 1342 4230 q)
1355 4178 1466 4223 moruch.

340 4229 359 4274 r)
373 4233 476 4277 reperero
490 4226 523 4269 21³.
577 4231 595 4277 s)
610 4241 651 4272 om.
666 4231 697 4274 2².
765 4227 1069 4281 r)om.1⁸;supr.nliarb.
1131 4234 1154 4278 u)
1168 4229 1251 4273 triditr.
1265 4232 1297 4273 2⁸.
1353 4233 1377 4279 r)
1393 4238 1417 4272 at
1430 4229 1464 4272 ἰὴ.

341 4279 370 4330 w)
385 4282 474 4332 vorm
490 4281 588 4322 marchio
603 4282 738 4326 ocurras.
778 4285 801 4330 x)
817 4287 886 4327 om.2.
928 4284 951 4336 y)
964 4285 995 4323 rie
1009 4285 1030 4326 h.
1044 4285 1091 4327 tet
1106 4283 1121 4324 1.
1132 4285 1164 4326 bb.
1180 4287 1210 4326 1².
1220 4285 1239 4328 2.
1250 4283 1319 4330 tint:
1334 4285 1417 4324 auroris
1431 4285 1463 4327 2¹.

339 4331 361 4382 z)
374 4333 490 4382 utriusque
505 4337 536 4372 1¹.
592 4339 615 4385 a)
629 4333 666 4375 diu
681 4335 714 4378 2¹³.
768 4335 790 4386 b)
805 4347 832 4380 ur.
846 4341 952 4385 utrasque
967 4339 998 4380 1·.
1471 4339 1499 4378 tt
