3186 4844
316 403 368 456 170
448 397 616 454 ORONIOA
629 399 658 455 S.
668 398 785 454 PETRI
795 398 1057 454 ERFORDENSIS
1069 399 1162 456 MOD.
1179 402 1215 458 Α
1227 405 1303 458 1134.

123 596 128 604 “
168 564 500 674 1111))111111111
522 589 700 647 celebravit.
746 589 809 648 uu
831 589 966 665 Magnus
990 589 1129 647 Nimim
1156 591 1238 650 suus
1268 594 1350 668 regis
1373 593 1433 652 oa-

316 695 429 735 norum
458 678 500 734 ad
523 678 745 754 acquirendam
767 679 905 754 graciam
934 679 1002 736 eius
1025 679 1205 738 inmensum
1228 669 1281 739 ei¹³
1308 683 1433 757 pondus

317 767 385 824 auri
408 771 441 824 et
461 768 584 840 argenti
599 767 722 836 obtulit,
746 785 784 825 eo
807 768 891 842 quod
913 768 1014 842 priore
1037 785 1130 836 anno,
1154 769 1265 845 rege⁰
1286 771 1433 828 Lothsrio

316 857 350 914 in
373 856 574 930 expedicione
590 856 732 914 Romana
755 860 916 932 occupato,
940 857 1057 914 multos
1076 857 1329 928 Teutonicorum,
1354 877 1432 936 quos

318 946 352 1001 in
374 945 474 1002 Danie
497 945 639 1018 partibus
665 939 845 1020 ‘repererat
874 946 951 1004 alios
975 946 1140 1014 occiderat,
1164 948 1241 1006 alios
1270 949 1464 1007 obtrunca-5

317 1038 415 1102 verat,
445 1034 614 1090 nonnullos
638 1050 711 1092 vero
741 1035 872 1092 diversis
902 1035 992 1109 penis
1022 1039 1055 1092 et
1084 1037 1273 1095 cruciatibus
1303 1021 1531 1096 affectos‘ffl·

317 1122 356 1179 de
386 1121 502 1180 finibus
534 1123 599 1180 suis
629 1117 772 1192 eiecerat,
804 1124 843 1181 ob
874 1124 1003 1180 iniurias
1034 1124 1161 1192 scilicet,
1186 1143 1264 1200 quas
1287 1127 1354 1202 ipse
1378 1127 1434 1184 du-

317 1211 395 1268 dum
418 1227 490 1268 cum
514 1211 628 1286 populo
652 1228 710 1268 suo
731 1212 772 1270 ab
795 1212 933 1270 exercitu
956 1213 1036 1287 regie
1060 1205 1274 1273 Ls'ithariid
1300 1216 1433 1290 pertule-

317 1305 375 1358 rat.
422 1299 525 1371 Quem
554 1303 663 1357 tamen
692 1301 762 1375 pius
792 1299 981 1376 imperator⁰
1016 1291 1263 1361 nothariusf
1297 1304 1434 1379 benigne

318 1389 492 1464 suscipiens
522 1405 628 1463 regem
651 1389 812 1446 Danorum
842 1407 911 1448 esse
935 1391 1084 1460 decernit,
1109 1395 1141 1451 et
1169 1393 1316 1467 imposito
1340 1410 1470 1468 superio

188 1481 413 1553 (Apartacaput
442 1478 509 1534 eius
539 1477 726 1547 diademate,
751 1495 823 1536 cum
854 1479 904 1536 die
934 1483 1044 1536 saneto
1073 1475 1322 1556 penthecostenl
1348 1483 1434 1556 regio

317 1567 405 1624 cultu
427 1567 561 1623 vestitus
584 1567 754 1642 imperator
775 1569 843 1643 ipse
866 1569 1056 1642 procederet,
1080 1587 1153 1628 eum
1177 1571 1235 1628 sibi
1258 1571 1433 1645 spatarium

316 1657 401 1714 iecit.
441 1653 511 1726 Qua
534 1655 585 1712 ille
608 1655 715 1731 gloria,
739 1657 812 1714 licet
834 1657 994 1732 indignus,
1018 1663 1125 1716 monte
1140 1659 1283 1716 tumidus
1306 1659 1347 1716 ad
1365 1675 1433 1734 pro·

316 1745 384 1820 pria
416 1745 553 1802 festinus
587 1745 689 1812 rediit,
718 1750 967 1821 congregataque
1001 1748 1205 1805 multitudine
1239 1753 1432 1806 armatorum

317 1833 465 1891 Erichum
488 1833 588 1890 filium
610 1835 715 1908 patrui
738 1836 797 1902 sui,
822 1835 910 1892 cuius
934 1839 1008 1893 aute
1030 1835 1161 1894 stenem
1176 1837 1342 1906 occiderat,
1366 1854 1470 1912 per-u

318 1923 405 1998 sequi
428 1923 576 1991 instituit,
600 1926 633 1980 et
655 1923 697 1981 ad
712 1925 872 1981 civitatem
888 1924 1077 1994 Lundinam,
1101 1927 1157 1984 ubi
1178 1943 1252 1983 eum
1270 1943 1342 1984 oum
1367 1927 1433 1983 suis

317 2012 472 2069 demorari
495 2013 656 2086 comperit,
680 2014 814 2070 navibus
830 2013 989 2090 applicuit.
1022 2013 1163 2090 Cumque
1182 2016 1317 2073 navibus
1333 2032 1434 2090 egres-

317 2118 372 2157 sus
401 2100 434 2158 in
465 2119 564 2158 unum
594 2102 776 2159 conveniret
802 2103 966 2170 exercitus,
990 2103 1085 2160 timor
1113 2104 1230 2161 invasit
1256 2121 1366 2162 omnes
1389 2105 1435 2161 in-

317 2206 458 2258 mensus,
482 2193 515 2246 et
544 2189 602 2246 111Ε
628 2207 736 2258 naves,
767 2209 845 2266 quas
869 2191 1014 2265 Magnus,
1039 2209 1079 2249 ue
1110 2192 1180 2267 quis
1202 2193 1283 2250 forte
1307 2210 1345 2251 ex
1367 2194 1435 2250 acie

317 2279 428 2336 adeas
444 2278 636 2353 confugeret,
661 2295 679 2336 a
703 2279 926 2338 terrefaceret
949 2280 1064 2348 reduci,
1089 2281 1193 2338 denuo
1208 2281 1305 2339 littori
1328 2286 1471 2356 postu-so

1 2419 2 2440 ,
316 2368 427 2425 labant
449 2368 573 2425 advehi.
619 2369 664 2426 At
687 2369 838 2443 Magnus:
872 2365 986 2439 ‘Quid',
1010 2369 1122 2444 inquit,
1148 2366 1286 2438 timetis,
1316 2370 1434 2428 milites

6 2473 44 2516 x
216 2470 245 2518 *a
256 2471 309 2514 1³2⁴.
317 2454 504 2515 fortissimi?
550 2457 670 2531 Viginti
704 2462 781 2514 sunt
814 2458 900 2514 milia
933 2458 1071 2514 virorum
1096 2451 1249 2515 ‘iorcium
1279 2459 1435 2516 exercituo

317 2547 427 2616 nostri,
458 2550 490 2604 et
524 2547 551 2602 si
584 2551 680 2621 caput
713 2547 826 2604 mundi
854 2547 987 2604 Romam
1017 2547 1103 2604 adire
1134 2547 1314 2622 placuisset,
1344 2551 1434 2605 tante

317 2635 514 2693 multitudini
544 2635 651 2692 nullus
681 2635 832 2694 obsistere
862 2635 1037 2710 potuisset'.
1083 2635 1149 2693 Illis
1179 2639 1315 2704 econtra,
1346 2636 1436 2694 nulla

317 2725 534 2783 consolacione
563 2727 702 2799 recepta,
735 2725 791 2782 sed
821 2726 944 2800 proprie
973 2726 1038 2782 vite
1066 2724 1298 2793 diffidentibus,
1329 2725 1434 2782 David
1444 2747 1472 2786 rs

317 2814 500 2871 adolescens
530 2815 687 2888 egregius,
718 2813 821 2870 Erichi
852 2814 965 2870 sororis
994 2813 1092 2881 filius,
1122 2815 1156 2871 in
1185 2813 1331 2872 Lundina
1362 2813 1434 2870 civi-

209 2906 383 2969 (run.4).tate
421 2902 583 2970 obsessus,
620 2919 694 2959 cum
734 2903 882 2959 trecentis
923 2902 1076 2959 militibus
1112 2903 1292 2960 Teutoniois
1330 2903 1433 2960 fortis-

316 2992 404 3048 simis
427 3007 572 3066 egressus
598 2989 848 3048 adversariorum
875 2992 1046 3049 exercitum
1074 2992 1250 3048 comminus
1277 2991 1378 3050 fertur
1400 2992 1434 3049 in

315 3081 470 3149 medium,
502 3079 748 3155 disturbatisque
779 3080 900 3138 cunctis
930 3084 1025 3154 atque
1055 3078 1264 3155 fugientibus,
1296 3081 1434 3156 Magnus

315 3171 348 3228 in
383 3174 499 3228 terram
532 3171 708 3244 prostratus
742 3168 929 3244 relinquitur
962 3169 1063 3237 solus;
1099 3185 1194 3244 quem
1229 3173 1472 3245 superastansso

316 3260 419 3317 David
449 3258 647 3316 adolescens:
681 3253 740 3328 ‘0·,
765 3258 876 3333 inquit,
902 3254 992 3315 ‘latro
1015 3257 1254 3315 sceleratissime
1283 3261 1316 3316 et
1339 3259 1432 3333 patri-

317 3334 408 3407 oidah
433 3347 630 3416 infidissime,
654 3347 707 3422 qui
731 3347 924 3404 avunculum
947 3363 1064 3415 meum,
1088 3347 1193 3421 patrui
1215 3347 1262 3404 tui
1286 3347 1433 3405 osculans

316 3423 518 3496 interfecisti¹
560 3437 675 3505 lilium,
706 3441 743 3493 ut
776 3435 872 3493 Iudas
907 3435 1044 3511 perfidus
1079 3435 1210 3493 tradidit
1243 3433 1431 3493 Dominum!

153 3527 408 3591 araucaNuno
437 3531 469 3584 te
499 3531 649 3602 premunt
676 3528 806 3600 peccata
837 3528 903 3592 tua,
934 3541 1019 3581 nunc
1052 3527 1084 3581 te
1113 3523 1171 3580 Dei
1201 3529 1435 3600 persequuntur

315 3612 445 3673 iudicia!
493 3614 605 3683 Hodie,
639 3615 779 3690 inquam,
815 3613 947 3688 accipies
982 3613 1067 3688 quod
1100 3613 1239 3681 mereris,
1270 3617 1303 3670 et
1336 3613 1473 3688 imploro

316 3705 418 3779 capite
433 3707 489 3760 tuo
504 3721 578 3761 cum
594 3703 740 3760 manibus
763 3689 868 3760 tuis¹¹
888 3702 1028 3759 scelestis
1051 3701 1174 3758 absciso
1197 3718 1252 3777 pro
1275 3702 1323 3759 tui
1346 3719 1434 3777 mag-

315 3792 459 3849 nitudine
489 3791 614 3848 sceleris
644 3796 712 3850 toto
742 3791 847 3849 seculo
877 3790 985 3848 fabula
1014 3789 1095 3848 eris'.
1143 3787 1212 3862 Quo
1242 3791 1298 3847 tali
1328 3795 1430 3848 morte
1484 3799 1501 3832 θ

315 3884 488 3954 perempto,
518 3897 573 3936 rex
601 3880 759 3949 Nicolaus,
789 3883 879 3955 pater
908 3879 1025 3954 Magni,
1055 3880 1168 3936 timore
1197 3882 1359 3954 correptus
1388 3880 1434 3936 in·

316 3984 436 4036 menso,
465 3968 591 4042 iamque
621 3985 654 4026 se
684 3956 733 4027 et¹
764 3968 1021 4026 acoessentibus
1051 3967 1110 4025 sibi
1139 3969 1282 4025 cominus
1306 3969 1434 4026 moritu·

316 4133 338 4178 a)
351 4133 382 4171 ulo
397 4134 416 4172 l.
430 4132 514 4182 Erph.,·
534 4131 564 4175 nl.
578 4133 625 4176 Nlo.
640 4135 667 4173 R.
682 4135 771 4174 LrIII.
786 4135 837 4184 Ρη.
905 4133 929 4182 b)
942 4135 973 4172 alc
987 4136 1007 4174 1.
1022 4135 1050 4174 R.
1065 4134 1159 4183 arm,-
1173 4135 1229 4174 dus!
1243 4134 1325 4184 11311.)
1338 4145 1361 4183 p.
1376 4146 1397 4177 ι.
1412 4139 1473 4184 ⁸240

316 4194 362 4232 arg.
376 4183 449 4224 eldam
464 4190 508 4234 opi.
522 4185 573 4234 Pon.
641 4187 662 4238 o)
675 4189 706 4227 sie
720 4190 739 4231 1.
753 4189 779 4231 11,
794 4188 889 4236 tr111,
903 4189 959 4227 dmi
972 4187 1042 4236 nive.
1111 4188 1133 4234 d)
1146 4189 1178 4227 sic
1192 4191 1211 4226 l.
1227 4189 1254 4227 11.
1270 4188 1364 4236 1ν111,·
1377 4189 1434 4227 dmi

315 4237 386 4286 Ilipla.
440 4241 461 4285 e)
474 4239 505 4276 sic
519 4239 546 4277 B.
561 4239 648 4284 ΜΠ,
661 4241 732 4290 Ilipla.
746 4241 810 4290 Pey.,·
825 4253 874 4281 rex
888 4244 908 4285 1.
964 4243 1060 4288 osiel.
1075 4241 1102 4282 R.
1118 4241 1282 4290 tr1115ame
1295 4241 1366 4290 nipe.
1381 4241 1434 4290 Pe.

316 4289 340 4338 g)
353 4291 381 4336 os.
396 4301 465 4340 supra
475 4303 501 4340 p.
515 4292 549 4340 to,
563 4303 585 4331 n.
600 4303 620 4332 o.
662 4293 686 4344 h)
699 4295 730 4334 ale
745 4296 765 4334 1.
780 4293 940 4345 ἣρω-111118
952 4295 1021 4344 Erpa.
1037 4295 1089 4344 Pau.
1131 4296 1147 4340 l)
1161 4296 1192 4333 ric
1206 4295 1231 4336 B.
1247 4294 1336 4334 triu.
1350 4295 1434 4343 Em„-

316 4339 346 4383 nl.
362 4342 401 4384 int.
416 4345 440 4394 15
455 4342 484 4386 dl.
498 4355 543 4388 oso.
555 4345 594 4388 inl.
608 4346 659 4395 Ρη.
701 4347 725 4396 k)
738 4349 769 4386 sic
780 4350 798 4390 1.
807 4349 840 4396 B,·
854 4349 910 4388 aun
919 4349 989 4398 alpe
1000 4348 1050 4396 Pru.
1093 4347 1108 4397 Ι)
1121 4349 1152 4386 sic
1166 4347 1342 4397 1.Es·1›h.1²q.,·
1355 4349 1434 4390 ΜΒ.

316 4481 344 4548 1)
362 4483 503 4537 Panchaia
515 4488 616 4551 potius.
1112 4437 1120 4472 Ι
1443 4503 1475 4541 ca
