3232 4856
301 398 354 452 500
701 389 868 445 ORONIGA
887 389 1022 448 MINOR.

301 574 465 641 nuationis
480 575 536 640 VI.
556 580 682 655 parton
697 573 841 655 priorem
859 573 1031 654 scria-serit.
1061 573 1176 638 Altera
1188 593 1271 655 pars
1287 595 1317 639 a.
1336 579 1418 638 1278

300 671 443 728 -1291.
467 666 512 728 acl
532 665 659 728 vauca
682 683 721 727 cu
743 661 927 727 Annalibus
952 662 985 726 S.
1004 661 1134 727 Nicolai
1152 662 1419 727 10000ιο00000ι

301 752 458 834 descripta
492 753 565 832 est²,
597 752 680 832 quael
708 771 773 814 non
806 750 843 815 in
870 749 1066 832 Thurinyia,
1096 753 1152 816 secl
1180 751 1216 815 in
1246 751 1419 832 caanplari

302 841 419 908 codicis
445 840 639 922 Thurinaici
667 839 705 904 in
734 838 917 904 Bouariarn
947 840 1048 904 delato
1077 840 1197 917 factum
1227 861 1292 904 esse
1319 846 1417 921 patet.

305 931 415 995 Tertio
439 950 529 1011 pars,
557 949 652 1010 qnam
674 928 901 994 Boleerniconc3
923 927 1041 1008 vocavi,
1069 935 1158 1010 aesta
1180 928 1368 1010 pontificiam
1391 935 1442 994 ets

300 1019 526 1100 imperatorum
541 1040 571 1082 a.
589 1018 838 1081 less—1330!
854 1017 987 1081 breuiter
1002 1023 1143 1097 enarrat,
1159 1038 1255 1098 annu
1270 1018 1319 1082 W.
1333 1017 1419 1082 Wol-

301 1108 431 1173 tcnbacb
461 1109 487 1171 b.
512 1129 553 1170 nc.
578 1105 707 1187 primnis
736 1105 835 1170 ocliclit
861 1105 898 1169 iu
922 1104 1053 1169 ‘Aroleiu
1076 1105 1100 1184 s.
1126 1106 1171 1170 K.
1200 1105 1418 1170 Oesterrciclci-
1476 1140 1480 1150 ·

302 1197 391 1262 sober
411 1195 492 1277 GQ!
511 1194 612 1275 XIV,
631 1216 665 1276 p.
687 1201 725 1258 ll
739 1215 802 1276 sqq.
850 1194 941 1258 Haec
963 1193 1000 1258 in
1017 1193 1129 1274 priore
1151 1193 1286 1258 editione
1308 1199 1419 1259 nostra

303 1283 421 1350 000000
455 1291 535 1363 erat,
571 1285 627 1348 scd
659 1283 726 1347 iarn
762 1304 845 1364 earn,
881 1283 1040 1347 lectionem
1074 1283 1191 1347 coelicis
1224 1282 1419 1348 Motsccnsis

302 1381 423 1454 nactus,
447 1373 644 1438 0000000000
666 1371 925 1437 Continuationis
943 1372 1000 1436 VI.
1019 1371 1169 1453 partibus
1184 1372 1215 1436 Ι.
1240 1379 1269 1436 et
1286 1372 1339 1435 II.
1364 1373 1456 1438 acl-10

300 1462 370 1542 ieci,
402 1483 472 1527 cnm
502 1466 612 1526 auctor
641 1460 710 1525 eins
738 1460 774 1525 in
797 1461 964 1543 archetypo
993 1460 1132 1525 coelicam
1155 1461 1189 1525 B
1203 1455 1279 1523 1⁸·1‘
1305 1461 1418 1542 procul

302 1549 396 1616 dnbio
419 1571 489 1615 carn
512 1549 726 1630 adiccnucrit⁵‚
757 1555 793 1613 ut
813 1549 1032 1613 narrationem
1059 1569 1166 1613 reram
1187 1549 1234 1613 ibi
1255 1569 1352 1630 cesaree
1375 1549 1419 1613 ari

303 1661 331 1704 a.
351 1645 443 1704 1290.
461 1637 570 1720 (1291)
590 1640 775 1719 perductam
798 1639 841 1702 acl
862 1660 922 1702 sua
945 1644 1084 1718 tenraora
1105 1659 1203 1719 usaue
1220 1641 1416 1718 produceret.

303 1729 380 1793 Non
397 1749 532 1809 prorsuis
554 1726 681 1792 inutilis
703 1733 748 1790 est
770 1727 846 1790 baec
869 1726 1018 1790 narratio
1041 1749 1062 1791 a
1077 1725 1214 1808 simplici
1229 1726 1307 1807 ciro,
1332 1727 1418 1790 nullo

302 1816 443 1882 subsidio
472 1837 538 1897 uso,
569 1837 607 1880 erc
636 1815 789 1879 memoria
811 1814 887 1879 rudi
910 1835 1050 1879 sannone
1073 1815 1250 1896 cunposito,
1274 1814 1329 1896 qui
1352 1815 1457 1878 lerna

303 1926 367 1970 non
389 1904 541 1969 memoria
564 1903 670 1984 tenuit,
702 1903 815 1985 quibus
844 1903 941 1967 annis
968 1924 1018 1967 res
1041 1909 1195 1968 narratae
1216 1910 1320 1985 aestuo
1343 1903 1417 1982 sint,

302 1994 358 2058 secl
371 2000 428 2057 aut
442 2013 644 2058 eramo-rorum
667 1994 766 2057 lacurn
780 2013 914 2057 caucum
935 1992 1065 2072 roliqrcit
1087 1999 1144 2056 aut
1164 1992 1265 2070 falsos
1281 1993 1418 2072 piceren-

302 2103 361 2163 quc
390 2101 538 2146 numeros
567 2101 726 2145 annarune
755 2080 940 2146 indicauitfi.
990 2082 1078 2144 Nam
1106 2102 1184 2146 sanc
1213 2087 1347 2162 apparet
1379 2082 1418 2145 ab

302 2191 367 2235 uno
390 2176 524 2249 auctore,
549 2171 632 2251 qnod
660 2170 709 2234 W.
736 2169 845 2234 Erben
867 2171 887 2233 l.
905 2171 924 2232 l.
951 2191 985 2250 p.
1004 2175 1067 2233 448
1084 2189 1128 2251 sq.
1155 2171 1229 2234 benc
1246 2168 1417 2250 perspexit,

303 2259 386 2323 banc
408 2264 536 2339 partera
565 2257 764 2339 cornpcsitanr
787 2279 860 2337 csse,
890 2257 1035 2338 quamuis
1057 2257 1094 2322 in
1117 2258 1220 2323 codice
1242 2258 1458 2322 Matseensiso

303 2353 443 2412 castronio
472 2346 540 2412 eins
568 2347 734 2428 porticula
768 2347 855 2411 desit.
908 2347 1004 2427 Qnern
1032 2347 1132 2427 paulo
1160 2353 1233 2429 post
1265 2370 1294 2411 a.
1324 2353 1416 2410 1335.

305 2593 331 2660 l)
353 2593 401 2646 SS.
414 2592 521 2656 XXIV,
540 2611 566 2660 p.
580 2594 615 2646 60
626 2609 664 2658 sq.
683 2592 767 2645 uillis.
858 2592 885 2656 2)
907 2591 938 2642 Ut
958 2591 996 2644 W.
1016 2591 1106 2642 Erben
1124 2591 1140 2645 l.
1157 2591 1173 2644 l.
1193 2608 1223 2658 p.
1236 2593 1297 2644 447.
1315 2592 1417 2644 stat-uit.

304 2666 330 2730 3)
356 2665 395 2717 W.
415 2663 506 2714 Erben
524 2664 540 2716 l.
555 2663 571 2716 l.
588 2680 616 2731 p.
629 2665 689 2718 449.
716 2665 746 2712 in
770 2663 850 2712 clubio
867 2663 985 2728 reliquit,
1010 2661 1121 2712 ubinam
1146 2662 1208 2712 baca
1230 2678 1301 2728 pore
1318 2665 1418 2728 scripta

302 2737 347 2799 sit,
365 2751 410 2786 ua:
427 2750 491 2786 sane
509 2735 588 2799 locus,
608 2749 659 2800 quo
677 2741 771 2784 auctor
789 2736 846 2784 eius
863 2735 969 2796 ciaerit,
988 2733 1120 2798 indecori
1139 2739 1231 2799 potest,
1251 2734 1296 2784 secl
1311 2737 1419 2800 praeter

302 2811 375 2871 aestu
392 2821 485 2870 recum
504 2812 526 2857 et
542 2805 696 2872 pontificum
708 2810 801 2856 auctor
816 2805 932 2856 marinco
944 2803 1083 2855 Bobemioo
1095 2807 1220 2855 narrauit
1238 2810 1261 2856 ot
1273 2804 1418 2855 Iohannem
1428 2815 1457 2853 25

302 2893 388 2941 reqnn
417 2877 565 2940 Bononiae,
593 2891 645 2942 quo
672 2879 768 2927 vinulo
794 2877 910 2940 saepsit,
938 2875 1062 2926 laudibus
1090 2877 1204 2938 ornarit,
1231 2882 1323 2926 contra
1344 2881 1417 2940 aesta

302 2948 406 2998 Albuti
420 2953 443 2999 ct
455 2948 592 2998 Fre'clerici
602 2963 694 3012 recum
705 2948 791 3012 centes
803 2948 963 2997 Austriacae
975 2961 1066 2998 nauso
1084 2947 1117 2997 ab
1129 2948 1165 2998 iis
1177 2949 1267 2997 animo
1285 2948 1416 2999 tractauit.

309 3018 381 3069 Unde
408 3018 477 3068 banc
499 3023 606 3085 partem
633 3035 650 3069 0
675 3018 789 3083 quodam
816 3017 909 3068 clerico
940 3017 1079 3068 Teutonico
1108 3020 1138 3068 tn
1166 3018 1295 3068 Bobamio
1322 3019 1418 3068 vivente

302 3092 470 3155 compositam
495 3105 547 3140 esse
571 3089 641 3139 mibi
658 3104 819 3156 permensum
844 3088 932 3142 habeo.
1016 3088 1045 3156 4)
1070 3089 1105 3139 In
1129 3088 1184 3142 cod.
1204 3089 1276 3142 ΒΝ
1297 3089 1417 3153 0000000

302 3161 512 3212 additamentum
531 3162 647 3214 a.1421.
738 3161 765 3226 5)
790 3159 829 3212 W.
849 3159 939 3210 Erbcn
958 3159 973 3215 i,
989 3160 1005 3212 l.
1024 3177 1051 3226 p.
1063 3161 1124 3213 449.
1146 3159 1215 3210 barra
1230 3165 1335 3225 partem
1355 3158 1456 3209 olirnso

302 3246 356 3282 non
374 3232 501 3283 Cronebue
518 3231 645 3295 Minoris,
662 3231 707 3282 secl
724 3231 835 3282 blarerm
854 3235 1001 3297 temporum
1018 3232 1241 3282 continuationem
1258 3231 1343 3294 tuisse
1360 3245 1418 3280 ccu-

301 3305 363 3356 anit.
401 3302 452 3353 Sed
468 3303 595 3368 quarrada
613 3302 661 3352 bac
677 3304 762 3352 statui
774 3303 869 3368 possit,
887 3316 941 3352 nou
959 3301 1039 3367 video,
1059 3317 1118 3352 cum
1137 3304 1165 3352 in
1185 3301 1311 3353 0000000
1329 3301 1419 3352 Mino-

301 3375 351 3437 ris,
377 3389 430 3424 non
455 3374 568 3425 Florum
593 3379 738 3438 terrenarum
762 3372 845 3424 codice
870 3372 933 3423 baec
957 3374 1118 3424 inueniatur.
1158 3373 1191 3424 bb
1215 3378 1308 3423 auctor
1333 3373 1367 3422 ab
1389 3387 1417 3422 eo

302 3450 424 3510 ternpore,
444 3460 495 3510 qua
509 3444 723 3496 Continuatianes
733 3443 780 3497 VI.
795 3459 866 3508 pars
878 3443 917 3496 ΙΙ.
936 3443 1021 3506 desiit,
1041 3445 1070 3494 ici
1083 3449 1119 3494 eat
1137 3443 1170 3495 ab
1188 3445 1259 3494 obitu
1272 3443 1380 3508 liudolfi
1393 3443 1415 3495 I.

301 3517 381 3581 nmis,
400 3516 540 3566 00000000·
556 3516 696 3566 exordium
714 3515 784 3582 fecit,
803 3529 831 3566 ea
847 3515 924 3566 moola
939 3521 1013 3579 aestu
1031 3530 1124 3579 recum
1137 3520 1199 3582 post
1212 3515 1313 3580 aliquot
1328 3516 1417 3581 pueti-
1427 3527 1454 3566 35

301 3587 379 3650 sicum
397 3602 440 3638 res
456 3592 543 3652 aestas
561 3588 687 3651 triennes,
714 3586 843 3652 quomodo
867 3588 896 3636 tu
923 3585 1037 3636 Granico
1056 3586 1161 3638 Minore
1180 3586 1227 3637 boc
1245 3588 1347 3650 factum
1364 3601 1417 3637 esse

301 3657 373 3711 cidit.
400 3659 439 3708 Ac
450 3662 550 3710 annac
561 3657 644 3708 buius
652 3659 743 3724 partis
755 3663 889 3708 ouctncm
900 3657 995 3708 Floras
1007 3662 1153 3723 naporum
1166 3659 1273 3708 minime
1284 3657 1414 3720 bob-nesse,

300 3745 364 3794 quos
384 3729 468 3792 icones
486 3730 608 3794 scivisset,
628 3731 702 3795 quoti
719 3728 800 3778 buius
817 3729 935 3778 nominis
953 3727 1057 3790 fuerint
1071 3729 1208 3795 pontificos
1228 3729 1353 3779 Nicobxuo
1366 3727 1385 3778 I
1386 3728 1416 3791 V,

302 3800 464 3851 Caelestinus
482 3801 512 3863 V,
539 3799 694 3851 Benedictus
712 3799 763 3862 XI,
788 3813 846 3848 cum
871 3800 977 3849 numeri
1002 3799 1136 3851 ordinales
1156 3815 1296 3864 paporum
1321 3801 1351 3849 in
1372 3799 1416 3849 100

300 3871 423 3922 adnotat
439 3873 500 3922 sint.
537 3871 588 3922 Sul
612 3877 705 3922 auctor
723 3885 765 3921 eas
783 3871 924 3934 ianoroce't,
951 3870 1019 3921 lacos
1044 3885 1139 3921 uacuos
1157 3872 1192 3921 iis
1209 3869 1357 3922 e'userntdls
1374 3883 1455 3921 re-co

301 3941 428 4008 linquens,
453 3958 511 3992 cum
537 3944 566 3992 ln
586 3941 699 3994 000οἰ00
718 3941 823 3992 Minore
848 3943 955 3992 00000·
978 3941 1114 3992 ordinales
1130 3942 1284 4008 pontificum
1302 3957 1355 3992 non
1373 3943 1416 3990 in-

300 4015 449 4066 veniuntur.
480 4013 518 4064 Et
531 4013 624 4064 Flares
642 4019 789 4078 temporum
807 4013 965 4063 continuans
982 4013 1099 4077 scriptor
1116 4014 1243 4077 lanorarc
1260 4027 1313 4064 000
1329 4014 1416 4078 potuit

299 4083 432 4147 Adolfnm
448 4085 503 4134 iam
518 4085 576 4147 fere
593 4089 707 4150 ternpore
722 4083 831 4134 Nicolai
842 4083 861 4133 I
862 4085 890 4136 V.
906 4099 993 4149 pupae
1010 4099 1141 4148 recurasse.
1169 4083 1220 4134 Sul
1238 4083 1281 4134 liic
1296 4084 1416 4148 yrooitcr

299 4153 349 4205 boc
376 4157 405 4204 in
432 4171 460 4206 rc
485 4157 593 4209 errant.
635 4155 756 4221 Scmptar
779 4154 875 4205 00000
900 4154 1056 4205 Matsecnsic
1080 4155 1175 4206 Florus
1200 4161 1345 4220 ternporum
1371 4170 1416 4205 ea-

299 4227 414 4290 ccrtpstt,
442 4232 534 4277 auctor
558 4226 640 4276 buiris
663 4227 754 4291 partis
771 4241 812 4276 eos
829 4240 968 4290 00000000
986 4225 1059 4278 uait.
1133 4225 1160 4292 0)
1180 4225 1303 4293 Scriplar
1320 4226 1453 4277 corticibus

300 4295 455 4414 10Ιῖ0000000
479 4311 566 4348 omues
590 4312 714 4348 numeros
738 4296 819 4347 buius
840 4298 932 4362 partis
953 4311 1025 4347 mare
1049 4311 1097 4348 suo
1121 4297 1225 4357 orrer'sit,¹
1249 4297 1307 4348 aide
1325 4295 1415 4347 Erbcn

312 4405 317 4417 .
344 4406 349 4417 .
365 4369 469 4431 uass,
488 4369 552 4420 01.
