3200 4844
279 306 308 362 S.
323 305 439 362 PETRI
456 305 719 362 ERPHDSFURT.
733 303 967 361 AUOTARIUM
985 303 1129 360 EKKDH.
1231 307 1265 361 31

251 491 356 555 Anno
372 490 513 555 Domini
530 489 789 555 DOCOOLXX.
829 500 963 555 Exustam
984 505 1024 554 est
1042 500 1177 554 famosum
1196 504 1353 563 tem-Lamp.

152 573 220 642 plum
240 573 269 626 in
288 573 464 644 Domburg1.
1229 622 1235 632 ,

250 643 336 699 Anno
355 645 466 699 Domini
484 643 735 700 Dcoccuxxffl.
767 643 863 699 Ottoni
882 643 981 696 iuniori
1000 643 1158 712 imperatori
1184 644 1265 696 missa

152 719 186 768 est
202 715 397 785 Theophanes
417 716 451 770 de
470 715 577 771 Grecis.

130 822 141 860 5
250 794 355 857 Anno
373 793 513 858 Domini
529 791 864 856 DOOOCLXXHP.
896 801 962 858 Otto
979 803 1143 856 seniorcum
1158 802 1264 856 iuniore

148 875 246 930 Ottono
266 876 302 930 dc
320 875 406 930 Italia
423 877 545 946 perrexit
563 877 592 929 in
610 874 781 936 Franciam',

250 947 336 1000 Anno
348 947 460 1001 Domini
471 945 718 1001 DocchXXVc
738 989 744 1001 .
764 988 771 1002 .
791 987 798 1002 .
816 945 923 1000 Eodem
940 962 1047 1014 quoque
1060 962 1130 998 enno
1143 944 1266 1013 perrexit

145 1016 296 1142 ippfiepptor
312 1024 425 1142 lpopli-u
449 1017 603 1144 Hargltdmp
629 1018 657 1141 'pi
682 1016 855 1141 ὃοίθοεψίςῑ,
884 1021 912 1070 et
936 1019 1073 1070 conventu
1096 1015 1211 1070 habito
1236 1016 1264 1068 in

246 1107 295 1144 are
339 1106 460 1144 eeunos
477 1107 495 1142 v
538 1107 581 1143 avr
613 1107 628 1142 e
659 1105 852 1143 concremavi.

115 1177 137 1216 ic
251 1160 336 1214 Anno
354 1161 467 1214 Domini
483 1159 746 1214 DCOCOLXXVP.
783 1158 849 1214 Otto
868 1158 1019 1228 imperator
1043 1158 1165 1226 perrexit
1182 1156 1264 1211 Baio·

145 1229 239 1300 ariam,
258 1230 423 1286 Heinricum
442 1250 475 1286 ex
496 1232 556 1300 ulit,
575 1230 671 1286 Ottoni
689 1230 753 1284 duci
771 1229 927 1284 Baioariam
947 1229 1157 1284 commendavit.

250 1302 335 1356 Anno
347 1303 459 1356 Domini
476 1251 745 1357 DGOOOLXXVH.
774 1299 930 1370 imperator
948 1318 1011 1354 cum
1029 1316 1129 1370 magno
1143 1301 1265 1354 exercitu

143 1373 267 1440 perrexit
286 1373 321 1426 ad
339 1373 485 1428 Beheimos
504 1379 532 1428 et
550 1374 699 1427 maximam
716 1377 825 1441 purtem
843 1376 933 1426 terrae
952 1370 1025 1424 illius
1048 1370 1175 1424 incendio
1201 1388 1264 1424 con·

144 1445 287 1498 cremavit.
332 1443 398 1498 Ise
427 1463 534 1514 quoqne
561 1443 708 1498 Heinricus
739 1460 801 1497 cum
832 1445 919 1497 altaro
946 1441 1079 1496 Heinrico
1110 1442 1266 1496 invaserant

113 1512 299 1571 nBazowam.
336 1462 417 1586 tfuod
439 1515 477 1568 im
498 1519 589 1570 erator
612 1519 643 1569 ut
661 1513 775 1582 audivit,
798 1513 926 1568 festinato
946 1511 1088 1568 exercitat
1111 1514 1159 1567 illo
1177 1514 1264 1568 movit

143 1585 297 1656 urbemque
315 1586 425 1640 obsedit
442 1593 470 1641 et
512 1587 644 1642 eim-icum
662 1586 761 1640 ducem
780 1585 815 1638 ad
833 1603 909 1638 suam
928 1585 1045 1654 gratiam
1065 1584 1170 1653 recepit
1182 1589 1264 1654 atqua

143 1657 170 1710 in
187 1655 338 1712 Franciam
356 1657 485 1726 perrexit.

250 1729 336 1782 Anno
353 1729 466 1782 Domini
483 1726 779 1784 Dcoocnxxwm
806 1771 812 1782 .
837 1771 842 1783 .
868 1769 874 1784 .
900 1727 947 1782 Ad
971 1726 1165 1796 imperatorem
1188 1727 1264 1780 venit

109 1798 901 1940 ttffiltttlltltdlslttittmittit
918 1797 1263 1923 imitttttntllt

141 1940 287 2002 Heinrico.
330 1940 385 2012 Qui
410 1942 589 2011 conprehensi
614 1942 643 1994 in
668 1941 781 1995 exilium
805 1941 880 1994 missi
905 1945 976 1994 sunt.
1059 1939 1166 1994 Eodem
1191 1957 1263 1994 anno

142 2011 272 2067 Lintheri
297 2030 346 2066 rex
365 2031 427 2068 cnm
446 2014 534 2067 electo
559 2029 673 2066 numero
699 2013 817 2066 militum
842 2016 955 2081 repente
979 2011 1079 2065 invasit
1096 2012 1264 2082 Aquisgrani
1318 2025 1322 2034 ·

141 2084 278 2152 palatium
297 2084 421 2154 seditque
439 2085 479 2138 ibi
497 2084 585 2138 tribus
603 2083 706 2142 diebus.
741 2083 783 2137 At
800 2083 950 2151 imperator
968 2080 1035 2136 Otto
1053 2083 1181 2137 festinato
1200 2101 1263 2136 cum

142 2155 267 2209 exercitu
285 2155 423 2210 insecutus
440 2160 481 2210 est
493 2154 658 2210 Lutharium
674 2172 759 2222 usque
776 2154 804 2207 in
816 2153 947 2223 Sigonem
964 2153 1078 2208 fluvium
1091 2159 1119 2208 et
1131 2172 1216 2223 usqne
1228 2153 1263 2207 ad

107 2234 132 2274 ³⁶
141 2227 230 2280 sancti
240 2226 358 2281 Dionisii
371 2227 525 2300 cenobium,
544 2243 606 2280 eum
625 2244 660 2280 ue
672 2242 729 2279 non
741 2225 931 2294 apprehendit,
949 2226 1014 2294 quia
1025 2225 1156 2296 fugiendo
1170 2225 1262 2280 evasit.

249 2299 335 2351 Anno
365 2298 477 2352 Domini
506 2295 622 2352 Dcooo
648 2295 817 2352 xxva.
860 2295 934 2350 Gero
966 2313 1056 2350 comes
1086 2314 1102 2350 a
1126 2295 1263 2350 Waldone

140 2368 263 2438 quodam
290 2373 431 2422 accusatus
459 2369 526 2422 dum
551 2386 614 2422 eum
639 2368 668 2422 in
689 2367 821 2438 singulari
849 2367 998 2422 cartamine
1021 2367 1176 2436 occidisset,
1205 2367 1262 2436 ipse

140 2443 235 2493 tamen
256 2440 293 2493 ab
311 2440 477 2508 imperatore
495 2439 646 2494 decollatus
664 2443 711 2494 est.

250 2512 336 2564 Anno
366 2511 478 2565 Domini
507 2509 752 2566 Dccccnxxm.
801 2507 866 2564 Otto
897 2509 1049 2578 imperator
1078 2509 1200 2578 perrexit
1233 2509 1262 2562 in

108 2581 335 2707 soltahammo
353 2651 464 2706 Domini
481 2650 761 2710 Dccccnxxffl.
797 2651 958 2704 Destructus
977 2653 1017 2704 est
1038 2668 1053 2704 e
1073 2649 1209 2720 iscopatus
1233 2650 1262 2704 iu

140 2722 317 2794 Merseburg,
342 2723 482 2793 miraeque
506 2723 702 2794 magnitudinis
727 2721 865 2776 edificium
890 2721 991 2774 cecidit
1014 2722 1043 2775 in
1094 2721 1260 2792 sgsdeburg,

140 2793 250 2850 Eodem
279 2812 351 2848 anno
379 2794 444 2849 Otto
474 2795 625 2864 imperator
656 2793 736 2848 valde
766 2793 950 2863 periculosum
982 2793 1011 2846 in
1040 2792 1167 2846 Calabria
1199 2810 1261 2846 curn

140 2864 303 2920 Sarracenis
321 2866 417 2920 habuit
435 2866 561 2936 prelium.
599 2865 634 2919 In
659 2882 713 2934 qno
737 2865 825 2934 prelio
851 2864 955 2918 occisus
980 2869 1021 2918 est
1037 2862 1185 2917 Heinricus
1203 2866 1261 2918 Au·

108 2938 279 3007 manatensis
300 2937 447 2991 aecclesiae
473 2937 615 3006 episcopus
641 2954 703 2989 cum
729 2935 789 2988 aliis
812 2936 938 3060 plurimis
963 2935 1104 3004 episcopis.
1148 2934 1182 2988 In
1207 2953 1261 3005 quo

141 3009 224 3062 etiarn
244 3009 335 3078 prelio
353 3006 421 3061 Idus
438 3007 492 3068 Iul,
511 3007 594 3062 occisi
612 3011 676 3061 sunt
693 3007 794 3061 milites
824 3007 960 3075 ortissimi,
980 3006 1009 3059 id
1027 3012 1068 3060 est
1080 3005 1152 3075 Udo,
1171 3005 1261 3060 Gebe·

140 3079 253 3148 hardus,
273 3078 439 3149 (lantherus,
465 3078 647 3132 Berchtoldus
666 3096 728 3132 cum
751 3077 811 3131 aliis
835 3078 937 3145 multis,
963 3082 991 3132 et
1009 3076 1075 3132 Otto
1099 3077 1155 3132 dux
1181 3083 1261 3146 atque

140 3150 314 3205 Wemherus
334 3150 418 3203 abbas
435 3149 586 3206 Fuldensis.
623 3147 687 3218 Ipse
705 3166 813 3218 quoque
831 3148 981 3219 imperator
1006 3149 1105 3220 [occiso
1132 3148 1262 3202 aGrecis

141 3223 268 3276 exercitu
288 3219 323 3275 de
344 3222 409 3274 navi
428 3221 540 3275 exiliens
558 3221 697 3274 natatibus
716 3220 833 3290 aufugit]
854 3224 889 3273 et
907 3220 964 3273 vita
982 3220 1082 3274 comite
1100 3219 1146 3272 vix
1169 3220 1261 3280 evasit,

109 3309 133 3347 sc
252 3292 344 3362 [Anno
375 3292 486 3346 Domini
515 3290 804 3361 Dococnxxxni]
853 3289 919 3345 Otto
950 3290 1083 3344 secundus
1113 3291 1263 3359 imperator

141 3361 264 3417 Romam
289 3367 351 3432 post
372 3365 443 3417 male
468 3369 559 3434 gestas
576 3381 620 3416 res
644 3363 799 3432 regressus*
825 3359 887 3432 [VI.
906 3361 981 3414 Idus·
990 3362 1120 3415 Decemb.
1146 3361 1262 3415 moritur

142 3434 303 3517 ibidemque
322 3434 470 3504 sepelitur].
490 3478 496 3491 .
517 3479 522 3490 .
543 3478 549 3491 .
569 3433 716 3488 Heinricus
735 3432 790 3487 dux
809 3432 953 3486 Baioasiaa
970 3450 1085 3503 regnum
1112 3431 1262 3486 invadens

144 3523 158 3558 a
175 3505 761 3631 pmchliihhsDrgsilihiDtDliiDGLXXXVP.
781 3574 845 3629 Otto
858 3592 907 3627 rex
919 3591 988 3643 puer
997 3573 1124 3627 Boemios
1136 3575 1261 3643 vastavit,

110 3648 189 3704 used
207 3647 394 3702 Misichonem
413 3665 476 3700 cum
494 3647 652 3700 muneribus
671 3647 780 3700 obviam
799 3644 1006 3700 venientem
1025 3647 1149 3715 suscepit.

251 3719 335 3771 Anno
361 3719 472 3772 Domini
498 3716 804 3774 noccoumvssl
844 3714 951 3770 Iterum
977 3734 1026 3771 rex
1051 3716 1193 3772 Boemiam
1222 3717 1261 3771 in-

145 3790 229 3843 trarit
247 3795 276 3844 et
294 3807 355 3843 eam
375 3789 410 3842 ad
429 3789 595 3844 deditionem
615 3805 664 3843 coa
686 3789 712 3844 't.

251 3863 336 3915 Anno
354 3859 465 3914 Domini
484 3859 624 3914 DGOCOL
709 3859 805 3915 vina
830 3908 836 3920 ,
857 3903 862 3914 .
883 3903 890 3916 .
913 3857 1015 3913 Estatis
1038 3860 1131 3914 iervor
1152 3861 1260 3917 nimius.

144 3929 301 4002 Ruspertns
320 3932 540 4002 archiepiscopus
557 3931 734 4002 Mogontinus
753 3931 836 4000 obiit;
856 3931 900 3984 cui
911 3930 1065 4001 willigisus
1083 3932 1218 3988 successit.

114 4103 166 4148 toa)
178 4107 235 4152 poet,
251 4108 274 4142 ut
287 4104 380 4152 cldaeur,
394 4113 452 4145 sm.
466 4101 602 4151 theophanll.
651 4100 673 4151 b)
689 4101 810 4142 exercitum
824 4101 902 4150 Lamp.

148 4257 173 4316 1)
191 4254 286 4323 lamp.
306 4255 343 4306 ad
361 4271 386 4306 a.
400 4256 460 4310 971.
537 4255 566 4322 2)
586 4253 681 4321 Lamp.
699 4253 736 4305 ad
754 4268 779 4308 a.
793 4255 853 4308 972.
934 4255 961 4321 3)
982 4253 1055 4305 Haec
1072 4253 1147 4306 tacet
1165 4253 1261 4320 Lamp.

148 4326 182 4376 ud
198 4343 223 4382 a.
237 4327 298 4382 974.
371 4325 400 4394 4)
420 4325 515 4393 Lamp.
533 4325 596 4378 haec
613 4326 650 4376 ad
667 4341 693 4379 a.
710 4327 770 4380 983.
789 4330 855 4377 recta
872 4325 956 4392 habet,
975 4323 1117 4376 amandum
1135 4324 1206 4378 Ebb,
1225 4324 1263 4376 cd

148 4399 243 4454 acm
262 4397 310 4450 hoc
328 4397 493 4463 locopositis.
