3186 4844
327 348 379 403 114
413 345 595 400 surmus
612 345 802 402 ERPHORD.
821 345 1010 402 FRATRUM
1029 343 1371 400 PRAEDICATORUM.

240 536 317 590 1253.
433 528 510 594 Hoc
541 529 646 593 etiam
680 549 770 593 anno
800 529 1026 613 Moguntinus
1061 528 1197 592 cuidam
1227 528 1443 593 Theodorieo

328 618 508 702 episcopo¹
532 618 575 682 de
590 617 764 682 Minorum
785 618 934 681 fratrum
950 617 1069 682 ordine
1084 617 1175 681 vices
1199 636 1277 680 suas
1299 618 1337 680 in
1352 617 1443 681 Thu·

186 707 439 790 ruas-uringia
468 707 654 784 commisit;
690 706 750 789 qui
779 706 970 790 Erphordie
1003 707 1195 789 septimana
1224 709 1448 790 pentecostes

229 819 277 862 ra..
285 820 317 862 29.
327 796 463 860 ordines
493 795 680 860 celebrarit
709 816 749 859 ac
782 795 819 857 in
848 795 940 860 festo
969 794 1202 878 apostolorum
1236 795 1280 858 ad
1314 796 1444 859 fratres

327 884 564 949 hedicetores
587 904 700 948 sacras
723 885 872 966 virgines
894 883 1031 948 velarit.
1453 913 1466 952 ὁ

434 973 510 1037 Hoc
534 993 624 1036 anno
642 973 861 1036 Flandrensis
878 971 1072 1036 eomitissa²
1087 971 1282 1035 coadunato
1303 972 1444 1057 copioso

327 1061 480 1126 exercitu
514 1061 724 1126 Francorum
762 1065 865 1143 atque
900 1059 1176 1135 Flandrensium‚
1216 1060 1349 1126 scilicet
1385 1059 1444 1124 CL

328 1148 459 1213 milium
484 1153 725 1234 pugnatorum,
751 1149 876 1213 direxit
892 1152 1012 1213 contra
1034 1168 1151 1231 regem
1166 1147 1443 1213 willehelmum.

248 1263 317 1306 mn.
328 1237 395 1317 Qui
419 1238 509 1302 1111.
526 1238 635 1302 Nonis
651 1237 734 1302 Iulii
757 1238 894 1320 navigio
919 1258 960 1301 ex
983 1237 1069 1300 mari
1092 1235 1187 1301 velut
1210 1236 1344 1302 locuste
1367 1259 1444 1322 pro-

328 1327 473 1392 deuntes
497 1347 558 1390 suo
580 1327 773 1390 infortunio
796 1327 841 1389 ad
866 1330 993 1390 terram
1018 1324 1238 1389 Zelandiam³
1260 1331 1442 1402 venerunt,
1455 1359 1481 1396 ιο

328 1437 367 1480 ac
396 1417 548 1500 ipsorum
579 1415 686 1498 aliqui
715 1415 887 1498 quandam
917 1413 1036 1478 villam
1059 1415 1242 1478 vastabant
1271 1415 1444 1479 incendiis

327 1508 362 1570 et
391 1505 533 1589 rapinis.
579 1503 712 1582 Quibus
741 1504 850 1567 irater
879 1504 969 1585 regis
998 1501 1193 1567 Florentius
1224 1523 1303 1566 cum
1331 1504 1444 1587 ipsius

327 1594 580 1676 consanguineo
610 1592 704 1656 dicto
736 1588 787 1674 [de
811 1585 1030 1672 Aresnis⁸·⁴],
1061 1591 1120 1673 qui
1150 1591 1270 1656 eodem
1295 1592 1351 1656 die
1376 1593 1444 1656 ‹lic-

325 1687 400 1746 tum
432 1675 668 1764 Fllorentium]
700 1679 816 1764 gladio
845 1681 1040 1744 accinxerat
1070 1678 1212 1742 militari
1223 1680 1244 1757 ⁵,
1279 1683 1445 1764 potenter

326 1763 527 1835 occurrensb
555 1772 633 1853 post
655 1769 783 1833 multos
807 1772 842 1832 et
865 1768 1015 1832 diversos
1037 1768 1218 1832 conflictus
1239 1774 1361 1834 contra
1384 1789 1482 1840 cosa

325 1860 547 1923 victoriosum
570 1857 722 1923 obtinuit
744 1857 968 1940 triumphum,
993 1857 1043 1920 ita
1059 1857 1150 1938 quod
1168 1857 1210 1922 do
1233 1861 1334 1921 tanta
1357 1857 1445 1921 mul-

324 1947 478 2012 titudine
505 1945 622 2010 nullus
646 1945 815 2019 evaderet,
841 1945 1048 2009 ‘innumeris
1074 1946 1111 2007 in
1134 1947 1221 2009 mari
1244 1946 1443 2024 submersis,
1454 1971 1526 2021 *su

327 2055 366 2100 ac
390 2036 594 2118 quibusdam
619 2035 661 2098 ad
685 2031 767 2097 VMe
788 2028 1004 2106 trucidatis&
1029 2034 1120 2097 inter
1143 2054 1228 2116 quos
1245 2033 1444 2100 Guidonem

326 2124 488 2188 Flandrie
518 2123 692 2200 comitem,
724 2122 915 2186 Iohannem
947 2122 1087 2185 fiatrem
1123 2122 1246 2206 ipsius,
1279 2124 1443 2189 comitem

326 2212 534 2277 Barensem⁶
556 2216 592 2276 et
614 2211 757 2275 fratrem
773 2210 845 2274 eius
857 2209 876 2286 ⁷,
902 2210 1062 2274 comitem
1079 2211 1121 2275 de
1138 2209 1267 2276 Gines⁸
1286 2215 1323 2276 et
1337 2232 1444 2295 quam
1455 2237 1482 2276 eo

326 2301 491 2386 plurimos
521 2299 707 2364 nobiliores
730 2297 893 2362 Plandrie
922 2319 985 2363 neo
1013 2319 1082 2362 non
1106 2300 1293 2383 burgenses
1318 2301 1445 2365 ditissi-

326 2411 398 2454 mos
433 2390 586 2474 captivos
619 2409 679 2452 rex
714 2387 808 2451 duris
842 2387 1030 2471 mancipari
1069 2388 1247 2452 mandavit
1281 2389 1443 2466 vinculis,

326 2499 485 2562 magnam
516 2479 656 2561 insuper
679 2476 790 2560 plebis
813 2475 1072 2540 multitudinem
1101 2477 1198 2558 regia
1228 2477 1445 2543 liberalitate

325 2571 417 2632 terre
441 2587 501 2632 sue
524 2565 789 2640 misericorditer
811 2563 952 2627 remisit.
999 2563 1089 2628 Sunt
1111 2568 1229 2630 autem
1259 2567 1295 2630 in
1320 2568 1445 2632 eodem

326 2655 418 2720 bello
449 2676 514 2738 que
544 2656 580 2717 in
611 2655 818 2737 potestatem
849 2653 938 2734 regis
962 2658 1204 2718 concesseruut
1231 2675 1273 2719 ex
1296 2656 1440 2739 cyphis⁰
1456 2679 1483 2718 a

326 2746 361 2808 et
385 2742 540 2807 scutellis
563 2742 735 2826 argenteis
759 2735 893 2805 OOCMt
919 2759 1111 2805 marcarum
1141 2743 1304 2808 estimata
1327 2749 1448 2828 preter

324 2851 438 2896 naves.

324 3073 346 3124 a)
361 3075 420 3112 uncie
434 3073 485 3111 luel.
499 3071 603 3120 emptus,
617 3073 688 3120 spallo
704 3082 768 3108 saeuo
782 3071 822 3109 rel.
837 3073 856 3108 1.
912 3071 935 3122 b>
949 3073 1070 3120 mendam,-
1084 3081 1203 3113 accurreus
1219 3077 1239 3113 1.
1294 3079 1316 3124 o)
1332 3076 1350 3114 V
1365 3076 1403 3126 (u
1417 3068 1446 3126 V,

324 3131 347 3164 ue
361 3127 445 3166 ridetur
459 3141 484 3159 =
500 3126 518 3163 V
534 3125 611 3174 miliat:
627 3126 669 3162 nter·
682 3123 711 3163 ad
727 3124 744 3161 V
759 3127 883 3172 conseptum
898 3128 935 3168 eol.
988 3125 1011 3170 d)
1025 3126 1153 3179 captivatls,
1172 3129 1229 3176 qued
1243 3127 1307 3166 Pers
1317 3131 1446 3178 proposuit,

323 3181 435 3228 leuandum
450 3189 494 3217 eres
507 3189 549 3216 nou
563 3179 632 3216 credo.
696 3179 718 3223 e)
738 3177 827 3227 scyphis
842 3179 861 3220 1.
919 3179 937 3225 s)
952 3177 1005 3216 CCC
1021 3180 1044 3228 1;
1065 3181 1118 3218 lille
1132 3181 1167 3228 (=
1178 3181 1231 3220 UCG
1246 3180 1316 3232 mille)
1331 3182 1446 3230 lepardus·
1458 3186 1486 3225 ω

324 3244 367 3272 sese
381 3237 435 3271 recu
450 3233 513 3271 Peru
527 3233 631 3270 meum
645 3231 736 3268 araur.

326 3427 528 3496 nivennensi.
591 3427 619 3493 2)
638 3424 804 3489 Maryarelo.
870 3425 898 3491 3)
916 3425 1078 3476 Walcen'am
1097 3427 1223 3481 inarum.
1296 3431 1325 3497 4)
1345 3430 1449 3483 Iohan-

322 3516 390 3565 mm,
409 3505 440 3550 ut
458 3498 569 3561 musra,
587 3511 662 3562 quem
680 3495 784 3560 quidem
803 3493 888 3548 Maru.
902 3495 984 3546 Paret
1000 3495 1072 3548 solue
1088 3496 1151 3548 IruIc
1165 3499 1270 3564 proelio
1288 3503 1450 3567 Intermissa

323 3571 395 3633 dicit,
412 3569 460 3623 SS.
474 3567 613 3632 XXVIII,
627 3581 657 3632 p.
671 3567 730 3620 334.
759 3565 805 3616 Ila·
823 3567 893 3622 Aen,
907 3564 1069 3631 Marelian,
1088 3568 1137 3621 SS.
1151 3567 1232 3636 XVI,
1247 3587 1278 3636 p.
1291 3575 1354 3636 616,
1375 3577 1450 3624 corri-

322 3655 378 3693 cere
396 3655 487 3706 possse
505 3637 673 3689 Balduinum
695 3635 726 3686 de
743 3637 854 3686 Aeesnie
876 3635 978 3701 proelio
1001 3637 1162 3700 interfuisse.
1255 3641 1284 3710 6)
1305 3643 1348 3707 Cf.
1369 3644 1487 3702 Melius

322 3711 401 3762 Stolos
420 3709 476 3772 III,
496 3725 518 3762 v.
534 3709 603 3762 1094
614 3721 661 3772 aq,
679 3704 717 3757 ed.
733 3705 808 3755 Brill
824 3705 847 3768 I,
864 3722 891 3772 p.
907 3708 973 3760 181:

607 3774 635 3828 θ’
654 3773 754 3828 coniux
770 3773 888 3827 broeder
905 3773 1019 3828 Florens
1038 3775 1072 3829 de
1086 3777 1193 3846 jonghe

607 3845 688 3896 Wort
706 3842 799 3896 ridder-
816 3860 852 3911 op
871 3843 924 3897 den
942 3845 1035 3899 salven
1053 3847 1131 3902 dach.

323 3925 351 3986 6)
375 3917 554 3971 Tluoboldum
573 3916 612 3968 II.
647 3916 689 3978 Of.
704 3915 833 3968 Bolduin.
846 3916 956 3980 Ninon,
974 3917 1022 3972 SS.
1034 3919 1127 3983 XXV,
1144 3923 1253 3990 p.544;
1279 3925 1339 3980 leh,
1358 3927 1453 3992 Imm·

323 3992 423 4044 Glires.
442 3987 469 4040 S.
485 3986 566 4050 Bert,
592 3985 627 4041 lb.
648 4003 678 4053 p.
695 3988 763 4052 847;
789 3985 904 4040 Primae
929 4002 949 4041 c.
969 3990 994 4054 5,
1020 3989 1191 4060 SS.XXVI,
1212 4010 1243 4060 p.
1262 3997 1331 4064 6413
1358 3997 1488 4058 Mallem

322 4061 422 4122 Pares,
448 4059 466 4111 1.
487 4057 504 4110 l.
526 4073 554 4124 p.
573 4059 634 4110 334.
656 4057 725 4123 3403
753 4056 853 4110 Cbron.
877 4057 994 4121 rlryllrm.
1021 4059 1102 4124 aaa,
1127 4061 1175 4116 SS.
1195 4065 1306 4130 XXVI,
1328 4083 1360 4134 p.
1380 4070 1449 4138 6113

323 4129 397 4182 Belca
415 4129 454 4182 ed.
468 4125 609 4179 Buelsela'ue
624 4128 766 4193 p.85eq.,·
784 4126 993 4180 laureacum
1005 4129 1086 4196 XXI,
1098 4133 1142 4198 71,
1161 4133 1211 4189 SS.
1223 4135 1319 4201 XXX,
1337 4154 1366 4204 p.
1379 4142 1449 4204 8203

322 4202 395 4252 Anu.
414 4195 521 4258 Parae,
540 4197 587 4249 SS.
600 4195 680 4259 XVI,
695 4211 724 4262 p.
738 4199 799 4250 607.
871 4199 898 4260 7)
917 4198 1090 4255 Raraunum.
1129 4203 1171 4267 Os.
1191 4207 1324 4262 Baldur'a.
1343 4211 1450 4266 Arena.

322 4284 343 4321 e.
355 4269 418 4332 241,
438 4267 487 4317 SS.
500 4263 592 4330 XXV,
608 4281 638 4331 p.
651 4267 713 4320 461.
785 4267 814 4334 8)
833 4267 983 4319 Amnum
1002 4270 1057 4325 III.
