3222 4850
302 443 468 501 ORONIOA
480 444 509 502 S.
518 445 634 500 PETRI
646 443 906 500 ERFORDENSIS
917 443 1008 500 MOD.
1028 445 1064 499 A.
1075 448 1258 502 1204—1206.
1293 449 1346 502 203

230 647 292 712 per
315 629 399 692 fines
422 628 516 710 regie
532 628 614 692 ville
631 627 762 692 Salvelt
786 631 820 693 et
837 623 943 691 Orlan
954 627 974 704 1,
1000 629 1140 711 cupiens
1163 628 1346 711 confligere
1358 638 1435 691 1204.

231 737 309 781 cum
338 737 418 800 rege
447 717 621 801 Philippo.
668 717 782 780 Missis
817 717 1102 801 exploratoribus,
1135 718 1268 782 diffisus
1304 718 1346 781 de

230 805 359 869 viribus
389 826 538 884 suorum,
563 806 646 870 licet
668 805 780 870 multa
803 809 917 870 essent
946 805 1051 883 milia,
1075 807 1219 870 vastatis
1243 805 1437 880 omni-(sai.)

231 893 295 957 bus
324 895 361 957 in
388 915 477 978 pago
501 894 723 978 Langewice⁸
749 900 785 959 et
813 887 984 972 Ilminbd,
1009 895 1216 978 intempesta
1245 898 1347 959 nocte

199 1003 311 1046 scum
334 983 404 1046 suis
426 983 546 1066 fugam
569 983 659 1046 iniit.
705 983 800 1048 Ηεοο
822 984 965 1048 audiens
988 983 1211 1066 lantgravius,
1236 1003 1347 1048 neces-

232 1072 334 1136 sitate
359 1076 507 1149 coactns,
532 1073 614 1136 dato
644 1072 715 1135 filio
739 1073 823 1136 su0³
836 1076 882 1153 ,et
905 1071 981 1136 aliis
1005 1072 1191 1149 obsidibus,
1215 1092 1251 1137 se
1275 1093 1347 1136 sua·

232 1181 298 1243 que
333 1161 448 1224 omnia
481 1161 579 1224 iuxta
613 1162 792 1226 cenobium
823 1157 1155 1225 Uohtrichishusen‘1
1189 1163 1225 1224 iu
1256 1162 1347 1225 festo

233 1248 343 1314 sancti
367 1249 543 1334 Lamperti
574 1249 716 1327 dedidit,
748 1249 904 1332 obligans
935 1270 970 1314 se
993 1251 1067 1333 regi
1091 1250 1252 1334 Philippo
1275 1253 1347 1313 tam
1359 1275 1453 1324 sami.

232 1339 427 1402 iuramento
451 1360 553 1422 quam
577 1339 763 1403 obsidibus.

198 1449 224 1487 ω
339 1425 475 1491 uccv.
508 1428 582 1492 aex
596 1428 779 1511 Philippus
796 1426 974 1491 coloniam
999 1448 1076 1491 eum
1093 1428 1246 1492 exercitu
1261 1400 1438 1518 auiitssgffj

233 1520 269 1580 et
302 1517 418 1580 omnia
452 1537 517 1599 que
552 1519 651 1581 erant
686 1515 942 1580 Coloniensium
975 1517 1133 1580 vastavit.
1247 1515 1343 1579 Hoce

233 1625 323 1668 anno
352 1606 389 1668 in
418 1625 534 1670 mense
558 1607 716 1688 Augusto
746 1605 832 1669 obiit
856 1604 1017 1668 Lutolfus
1041 1604 1476 1688 Magdaburgensisna,(1n

233 1693 524 1777 archiepiscopus;
545 1695 601 1758 oui
617 1695 780 1758 successit
796 1694 960 1759 hibertus
976 1714 1128 1757 summus
1145 1694 1347 1778 prepositus,

234 1803 416 1864 germanus
438 1783 603 1846 comitum
625 1783 668 1847 de
689 1783 909 1865 Swarczburg
926 1781 1099 1847 Guntheri
1116 1783 1165 1846 ‘et
1181 1782 1348 1846 Heinrici.
1359 1806 1450 1854 atria.

198 1891 225 1930 ιτ»
235 1870 311 1935 Hoc
342 1865 472 1935 eciamf
499 1893 590 1936 anno
619 1871 714 1935 iacta
742 1874 794 1936 est
823 1871 932 1935 fames
955 1872 1071 1935 valida
1100 1872 1137 1934 in
1159 1871 1350 1955 Thuringia

236 1963 272 2024 et
295 1980 356 2043 per
378 1981 495 2024 omnes
518 1961 684 2043 regiones.
768 1961 962 2025 Preteritci
981 1981 1071 2024 anuo
1088 1960 1236 2024 Adolfus
1254 1959 1437 2025 Colo-1204.

235 2049 362 2112 niensis
386 2049 663 2134 archiepiscopus
685 2048 869 2133 reprobato
892 2069 972 2131 rege
999 2070 1061 2112 suo
1085 2046 1223 2126 Ottone,
1249 2070 1349 2132 quem

236 2136 377 2202 Oolonie
400 2137 437 2200 in
460 2158 576 2222 regem
598 2143 753 2214 unxerat,
779 2136 922 2202 Colonia
945 2158 1109 2221 egressus,
1133 2158 1248 2221 regem
1272 2138 1438 2211 Phi-(nov.)

235 2226 367 2310 lippum
397 2227 526 2302 adiens,
554 2227 748 2291 iuramento
779 2247 814 2291 se
844 2227 876 2290 ei
906 2227 1084 2310 obligavit.
1130 2223 1230 2291 Unde
1253 2226 1349 2310 Colo·

199 2315 369 2379 cunienses
400 2314 585 2380 admodum
614 2316 787 2399 indignati
810 2316 1008 2380 Brunonem
1031 2315 1248 2380 Bunnensem
1279 2335 1349 2399 pre·
1362 2379 1374 2429 1
1396 2377 1430 2430 05

236 2404 386 2487 positum
409 2424 449 2469 ex
465 2406 629 2469 mandato
645 2425 733 2488 pape
749 2404 950 2469 Innocencii
973 2403 1170 2488 episcopum
1193 2404 1259 2468 sibi
1276 2425 1350 2468 con·
1360 2379 1414 2492 (ᾗ,
1424 2417 1466 2496 „p

235 2493 433 2566 stituerunt,
457 2493 656 2557 transmisso
680 2493 745 2558 sibi
768 2493 1082 2577 archiepiscopatus
1106 2492 1221 2576 pallio.

341 2581 499 2646 MOOVI.
532 2581 605 2646 Rex
628 2582 809 2666 Philippus
833 2582 1027 2646 coadunato
1051 2582 1203 2647 exercitu
1226 2582 1349 2658 valido,
1362 2589 1438 2643 1206.

236 2691 313 2734 cum
338 2669 600 2736 Coloniensibns
630 2691 840 2754 congressus,
872 2671 987 2735 omnia
1015 2671 1108 2734 ferro
1136 2674 1171 2735 et
1194 2671 1274 2753 igne
1297 2692 1351 2734 va·

199 2759 341 2823 astavit
370 2759 407 2822 in
436 2779 551 2824 mense
575 2761 743 2844 Augusto.
789 2759 833 2822 In
863 2780 930 2842 quo
961 2760 1123 2824 conflictu
1153 2762 1274 2843 captus
1299 2764 1417 2831 estha.

236 2849 273 2912 in
288 2849 437 2931 quodam
453 2848 617 2912 castello⁴
633 2848 811 2933 episcopus
827 2869 944 2913 eorum
961 2848 1078 2912 Bruno
1097 2851 1133 2913 et
1146 2848 1184 2911 in
1201 2851 1349 2912 castrum

131 2953 168 3002 ‘a
177 2952 226 2992 ³⁸0·
236 2937 368 3020 regium
391 2930 537 3002 Trifelsh
564 2937 689 3001 ductus
713 2938 868 3001 custodie
890 2938 1121 3021 mancipatur;
1151 2937 1224 3020 *qui
1248 2936 1351 3020 paulo

236 3030 316 3090 ante
352 3025 494 3090 Oolonie
529 3047 548 3089 a
579 3025 751 3108 Sigeirido
785 3026 990 3110 Mogontino
1023 3026 1280 3110 archiepiscopo
1314 3027 1350 3088 in

236 3115 435 3198 pontificem
464 3115 580 3179 fuerat
607 3114 796 3179 ordinatus.
905 3114 982 3179 Hoc
1012 3136 1102 3179 anno
1132 3115 1168 3178 in
1198 3114 1351 3198 generali

200 3203 332 3267 meuria
356 3202 561 3287 Wirceburg
583 3203 704 3267 habita
732 3204 770 3266 in
796 3204 886 3267 festo
916 3204 1028 3267 sancti
1051 3203 1144 3268 Galli
1167 3203 1445 3268 Bertoldusoane.

236 3291 513 3375 Nuenbergensis
536 3293 715 3376 episcopus
739 3293 782 3356 ab
799 3292 987 3376 apostolica
1010 3293 1089 3357 sede
1113 3312 1266 3358 reversus
1285 3292 1351 3376 epi-

236 3503 259 3550 ι)
272 3501 303 3539 sic
316 3502 335 3543 1.
349 3501 381 3540 2⁸.
397 3500 431 3548 N,
445 3500 593 3550 urgeamus
606 3499 646 3552 22²3
660 3501 797 3550 Langewese
811 3501 837 3540 Ε.
892 3500 915 3550 b)
929 3502 960 3539 sic
973 3501 991 3541 1.
1006 3497 1069 3551 2⁸·b5
1089 3500 1173 3540 llmens
1186 3501 1218 3550 E,
1232 3501 1310 3540 Ilmenl
1325 3501 1352 3542 N.

237 3553 258 3604 c)
271 3555 302 3594 cic
316 3557 334 3596 1.
348 3552 410 3598 Μ,
425 3554 458 3602 N,-
472 3555 506 3594 110
520 3553 585 3606 (llos)
599 3554 625 3596 E.
666 3551 689 3602 d)
703 3553 848 3597 lchtlrhudE'.
889 3557 910 3601 e)
924 3553 1112 3593 Hoc—Heinricl
1128 3555 1203 3598 const.
1245 3553 1351 3606 Ocmj'.

236 3605 261 3659 g)
274 3608 382 3658 emostis
395 3611 551 3657 -susceptus
566 3611 601 3647 cat
613 3607 648 3660 (p.
661 3608 707 3657 204,
727 3609 741 3650 i.
756 3607 790 3658 1⁰)
804 3619 845 3650 om.
861 3607 886 3650 Ε.
940 3606 964 3657 h)
978 3607 1067 3657 Dryiels
1082 3607 1108 3650 R.

201 3785 264 3852 acl)
280 3785 339 3838 Hoc
360 3799 415 3838 nois
440 3791 477 3838 osi
495 3785 667 3848 Orlcmiindc,
686 3792 715 3837 ui
733 3785 921 3838 Winlreimana
939 3785 956 3839 i.
970 3785 986 3838 l.
1008 3801 1038 3853 p.
1052 3785 1120 3848 3273
1146 3784 1269 3848 Bdhmei,
1288 3785 1350 3849 Ra.

189 3895 194 3904 .
236 3857 304 3924 Imp.
324 3855 355 3920 V,
376 3873 406 3924 p.
419 3859 462 3920 28,
487 3872 531 3909 nr.
544 3858 606 3922 848,
632 3857 690 3922 alii,
714 3858 884 3923 interpretati
907 3861 987 3918 suan
1011 3857 1081 3923 qaod
1104 3872 1150 3908 nec
1167 3857 1219 3908 loco
1236 3855 1354 3906 Amoldi

236 3927 328 3981 Ιιιιὺοο.
346 3926 392 3994 VI,
405 3929 433 3983 8.
454 3929 589 3980 winidum
621 3927 838 3994 Coniunpmdum
856 3933 892 3980 cai
910 3943 961 3996 per
977 3925 1045 3980 fines
1062 3969 1068 3983 .
1083 3969 1089 3982 .
1103 3970 1109 3982 .
1123 3925 1215 3993 Orlan,
1234 3928 1252 3980 i.
1265 3943 1285 3980 c.
1301 3943 1352 3993 per

236 3999 404 4051 territorium
431 4000 540 4066 imperii
565 4001 636 4051 inter
661 3999 777 4064 flumina
801 3999 893 4051 Saltim
918 4007 941 4052 ci
963 3999 1057 4052 Orlam
1081 4000 1179 4058 ritum
1206 3997 1241 4060 cs.
1266 4013 1352 4064 aspra

237 4087 263 4126 a.
283 4071 361 4135 1199,
381 4085 412 4137 p.
430 4071 492 4134 200,
520 4070 537 4122 l.
555 4072 600 4134 22,
624 4070 694 4136 quod
713 4069 791 4123 Cron.
814 4069 948 4136 Thurinp.
967 4070 1066 4123 Isencc.
1092 4084 1112 4123 c.
1133 4071 1175 4134 16,
1201 4067 1218 4135 ξ
1236 4069 1254 4123 4
1272 4067 1351 4132 (Pisi,

200 4156 257 4196 soc.
276 4143 323 4207 32)
347 4143 386 4192 sic
403 4141 537 4193 reddidit:
561 4138 661 4194 finibus
684 4139 796 4194 fluvii
815 4137 907 4194 Orlen.
996 4143 1024 4210 2)
1043 4141 1101 4192 Hoc
1121 4141 1214 4206 potius
1231 4137 1352 4191 limenun

236 4227 316 4280 picra
329 4211 407 4264 tradi
419 4211 439 4263 Ι
439 4211 484 4276 lm,
503 4217 534 4262 ui
541 4211 663 4279 plerique
675 4213 845 4279 interpretati
855 4218 927 4276 suni,
946 4227 999 4264 ease
1010 4211 1175 4266 affuerim.
1224 4210 1251 4278 3)
1262 4210 1352 4262 Laido-

237 4285 301 4334 wico
314 4285 502 4350 prinscpmita
520 4289 583 4334 tunc
600 4283 657 4346 sere
674 4283 844 4352 quadrienni,
863 4282 927 4334 aliis
945 4283 1046 4335 duobus
1064 4281 1128 4347 tiliis
1146 4287 1209 4333 iuno
1226 4288 1351 4334 cataon-

237 4354 302 4405 dum
324 4355 406 4420 nais,
432 4359 480 4405 aui
504 4353 656 4417 infantibiw
682 4353 859 4408 eximiam.
949 4354 977 4423 4)
1001 4353 1178 4420 chscnbcry.
1217 4352 1270 4416 Qui
1293 4367 1353 4405 con·

237 4425 326 4490 stacius
343 4427 399 4478 icm
416 4425 459 4476 dic
476 4423 528 4480 Iul.
541 4427 584 4480 27.
603 4426 755 4489 saducaei.
