3248 4856
417 347 535 404 LIBER
553 347 803 405 GRONIGORUM
821 347 1088 405 ERFORDENSIS.
1233 421 1236 428 ⁴
1258 352 1310 405 729

163 519 171 536 ’
197 531 333 612 Mirum,
356 532 440 614 quod
460 530 512 598 nn
534 533 598 598 loco
621 551 719 614 suma
735 553 769 613 p.
789 537 862 595 724.
886 531 1015 596 taudoto
1037 530 1140 596 nubis
1160 531 1310 614 Lamper·

198 621 276 687 tinis
304 620 468 701 usurpatis
497 619 614 685 dicerit
642 641 674 686 se
703 619 856 686 uolumini
889 622 986 700 finem
1014 619 1207 701 incanuisse,
1241 641 1310 685 acm

198 715 277 776 certe
300 709 401 791 capite
424 711 461 774 de
484 708 607 791 orioine
623 709 786 776 Santonum
809 709 923 792 scrc'rtto
945 709 1042 787 finem
1064 708 1145 772 libro
1168 729 1232 774 non
1254 707 1309 772 im·

191 797 344 881 posuerit,
367 799 424 863 sed
444 797 537 864 libris
558 804 654 864 anteo
668 797 833 880 exscriptis
854 818 931 862 usus
946 796 1070 878 reliqna
1085 797 1194 862 omnia
1213 796 1309 878 scrin
1348 807 1351 816 '

175 887 282 953 escrit.
328 887 458 969 Ionoro,
489 908 546 951 cur
573 886 632 952 troo
658 886 777 967 feeerit,
808 888 864 952 sed
891 885 1010 968 alianis
1043 885 1183 951 conicere
1204 893 1312 967 posset

196 977 265 1041 ideo
287 996 357 1040 enm
385 975 442 1040 hoc
463 975 636 1057 scripsisse,
664 982 701 1040 nt
721 981 859 1040 entremo
882 995 965 1057 pars
988 974 1100 1057 operis,
1123 995 1187 1056 quo
1209 975 1309 1039 Hein-

197 1065 298 1130 ricnm
327 1063 522 1146 mmloomit,
553 1063 644 1147 lonoo
674 1071 808 1145 tempore
828 1071 903 1147 post
924 1063 1068 1146 priorem
1096 1062 1217 1145 scripta
1245 1085 1309 1128 esse

197 1153 364 1220 videretur.
407 1154 602 1234 Qrmannqne
623 1152 714 1218 niodo
735 1173 787 1218 res
809 1174 842 1218 se
863 1153 962 1234 habet,
987 1153 1132 1217 concedes
1153 1172 1218 1216 non
1240 1152 1310 1217 sine

197 1241 268 1307 inre
288 1261 337 1306 me
359 1239 540 1306 indubium
562 1262 721 1307 revocasse
742 1241 779 1305 id
799 1243 883 1324 qnod
904 1247 1013 1307 auctor
1035 1240 1117 1306 dicit
1139 1261 1171 1306 se
1193 1241 1310 1306 librum

163 1352 228 1394 soa.
256 1335 348 1394 1345.
379 1329 541 1412 incepisse.
589 1330 676 1394 Nom
706 1329 784 1410 qnid
811 1330 889 1409 fidei
911 1331 1053 1395 dandum
1075 1335 1121 1394 est
1142 1329 1215 1394 truie
1238 1331 1309 1412 plo·

195 1418 311 1500 aiario,
335 1417 464 1501 quires
487 1419 527 1484 ab
550 1418 707 1484 Heinrico
736 1419 781 1484 ad
808 1441 839 1482 o.
866 1423 961 1482 1247.
988 1423 1083 1482 1218.
1109 1424 1204 1482 1210.
1235 1440 1308 1483 nor-

196 1514 286 1573 rotas
308 1507 518 1573 annisl281.
538 1512 633 1572 1282.
656 1507 886 1589 adsmnserit?
922 1506 1072 1590 omneis
1093 1506 1193 1588 icitur
1210 1508 1309 1572 multo

143 1597 146 1604 ⁴
197 1595 294 1662 dubio
321 1595 502 1678 incertaque
531 1595 598 1662 sint
626 1597 664 1661 de
687 1601 813 1661 auctore
835 1595 975 1678 libroque
997 1595 1072 1677 eius,
1097 1601 1218 1661 constat
1239 1617 1308 1662 enm

196 1684 311 1750 tibrum
332 1706 424 1750 sunm
446 1685 532 1750 cirea
554 1707 584 1750 a.
604 1690 698 1748 1350.
722 1684 769 1749 oet
784 1685 885 1766 panio
902 1691 977 1767 post
996 1683 1148 1764 finivisse.
1201 1721 1205 1732 ι

161 1797 187 1837 n
302 1773 478 1839 Portindis
506 1794 545 1839 ea
575 1773 656 1838 libro
686 1772 839 1839 Heinrioi
872 1775 909 1839 de
938 1773 1124 1839 Heroordia
1156 1773 1309 1855 coemptis

196 1868 305 1927 auctor
326 1861 490 1928 subiunxit
511 1861 721 1945 appendim
744 1882 808 1944 quo
823 1863 861 1927 de
875 1862 1042 1928 ordinibus
1064 1861 1222 1944 reiiyiosis
1236 1862 1308 1940 fun·

196 1950 295 2032 datis,
329 1951 366 2015 de
398 1950 599 2016 monasteriis
635 1949 822 2032 quibuisdam
862 1949 1071 2032 Thurinoicis
1110 1956 1139 2016 et
1172 1950 1309 2016 ecclesius

196 2039 447 2119 Erfordcnsibus
468 2038 584 2104 retulit.
630 2040 721 2105 Haeo
743 2060 782 2104 en
804 2040 924 2105 duobus
945 2039 1147 2120 potissimum
1169 2039 1309 2118 fontibus

195 2127 310 2193 dandi.
353 2127 445 2193 Alter
467 2135 513 2194 est
533 2127 694 2194 indiculus
716 2128 864 2193 ordinum
885 2127 1104 2210 retiqmsmmn
1126 2127 1309 2194 simillimus

159 2237 309 2299 cocorum,
334 2217 389 2300 qni
411 2237 510 2299 snpra
529 2239 565 2299 p.
593 2223 654 2281 158
671 2236 716 2298 so.
740 2223 769 2282 et
790 2239 825 2298 p.
846 2223 909 2281 708
926 2239 971 2299 sq.
995 2217 1072 2283 editi
1094 2224 1170 2282 sunt
1191 2223 1220 2282 et
1241 2217 1309 2281 eins

194 2306 307 2388 quiin
334 2305 473 2371 Cronioa
495 2305 627 2370 Minore
649 2305 823 2386 exscriptus
844 2312 897 2370 est.
945 2306 1102 2387 Pleraque
1124 2306 1248 2386 reliqna
1270 2327 1309 2370 en

195 2394 367 2460 annalibus
393 2395 440 2459 oet
463 2393 572 2476 potius
600 2394 684 2459 notis
707 2394 958 2474 Erfordensibns
988 2394 1157 2476 deperditis
1186 2417 1217 2458 o.
1243 2399 1307 2458 438

195 2489 336 2548 —1285.
360 2505 382 2548 a
404 2483 554 2548 canonico
578 2484 611 2548 S.
636 2482 769 2548 Mariae
792 2481 986 2562 Erfordensi
1009 2482 1184 2564 compositis
1206 2488 1307 2546 trans-

197 2571 314 2654 scripta
346 2578 428 2652 sunt,
463 2592 543 2654 qnae
576 2571 684 2636 munio
713 2570 780 2649 fere
809 2570 846 2635 in
880 2570 1028 2637 Oronicis
1056 2569 1308 2650 Befordensibus

161 2659 445 2742 ssEnoelitusianis
466 2659 561 2739 infra
582 2659 675 2725 editis
697 2665 873 2740 remrrunt,
897 2681 918 2723 o
933 2665 1040 2723 nostro
1055 2659 1218 2723 nonncdiis
1232 2657 1308 2724 locis

196 2755 316 2815 mutata
344 2749 391 2814 oei
420 2748 605 2831 ampliata&
652 2748 764 2813 Pauca
797 2747 865 2812 aiio
897 2746 949 2812 itis
977 2746 1104 2812 addidit
1131 2753 1241 2811 unctor
1269 2769 1308 2812 ecc

196 2837 350 2904 Auctoris
364 2837 619 2903 Ekkedardiono
634 2835 759 2902 Montis
782 2837 816 2901 S.
833 2836 923 2901 Petri
945 2837 992 2901 rel
1015 2835 1180 2917 Lamperti
1195 2837 1307 2901 Anno·

195 2927 277 2993 libus
305 2927 431 3008 eiusque
460 2926 685 2992 additamentis
712 2926 746 2990 S.
770 2924 861 2990 Petri
886 2923 1138 3005 Erfordensiius
1161 2926 1308 3006 profecta

194 3021 223 3080 ct
242 3037 342 3081 unum
364 3016 464 3081 locnm
485 3036 524 3080 en
552 3013 689 3080 Oronico
712 3013 852 3094 Minore,
876 3019 911 3078 nt
932 3013 1064 3100 uidetur,
1088 3020 1252 3096 sumptum.

159 3129 186 3170 so
305 3103 433 3170 Codices
454 3103 550 3169 nnius
572 3102 656 3184 iibri,
680 3123 756 3185 quos
784 3102 942 3182 habemus,
973 3123 1027 3167 sen
1049 3102 1086 3166 in
1109 3108 1171 3167 tres
1193 3103 1308 3168 classes

194 3192 357 3259 dividendi
385 3199 467 3258 snm.
522 3193 662 3274 Quum
690 3189 801 3273 primo
832 3190 1042 3273 mumiectitnr
1071 3190 1167 3256 libros
1198 3197 1226 3254 1.
1255 3198 1306 3271 1⁸,

195 3283 297 3348 attera
319 3288 350 3347 2.
375 3276 470 3358 2²³³,
501 3280 611 3352 tertiae
640 3281 725 3345 solus
753 3286 799 3344 est
829 3281 924 3345 coden
954 3286 984 3343 3.
1035 3278 1187 3345 Omnibus
1216 3280 1308 3346 libris

194 3370 373 3436 communio
395 3376 469 3436 sunt
490 3370 645 3452 quaedam
666 3369 782 3434 mendo
807 3368 991 3451 yrooiora2,
1016 3367 1129 3450 andus
1151 3371 1308 3450 probatur

194 3466 257 3525 tres
288 3459 415 3541 codices,
445 3480 484 3524 en
510 3457 623 3541 quibus
650 3457 686 3522 ii
714 3457 852 3539 profecti
880 3463 962 3539 sunt,
996 3478 1102 3523 omnes
1134 3478 1173 3522 en
1204 3460 1307 3524 codem

159 3549 361 3632 norohetypo
395 3547 564 3629 descrentes
597 3567 674 3628 esse,
709 3553 801 3628 atque
834 3545 929 3624 infra
959 3547 1082 3628 patebit
1118 3546 1174 3612 hoo
1206 3546 1308 3628 insitis

194 3637 332 3702 auctoris
353 3637 454 3718 fnisse
483 3636 692 3718 archetypum,
723 3655 788 3700 non
817 3634 950 3717 quidem,
981 3641 1016 3700 nt
1044 3635 1175 3713 uidetur,
1206 3635 1308 3717 ipsius

193 3747 300 3809 mann,
323 3727 379 3791 sed
399 3725 467 3790 eins
488 3725 578 3790 iussu
599 3745 638 3789 en
659 3723 761 3805 indus
782 3723 905 3791 scindis
926 3723 1178 3805 transscriptnm.

305 3814 453 3880 Oodimnn
470 3813 597 3896 primae
620 3811 731 3878 classis
747 3811 917 3894 proprium
939 3818 992 3893 est,
1016 3813 1100 3894 quod
1120 3811 1156 3876 tn'
1178 3812 1237 3877 soii
1259 3833 1308 3877 ec-

194 3910 325 3969 tremum
348 3904 447 3968 locinn
469 3923 508 3969 en
522 3901 675 3968 Heinrici
698 3901 735 3965 de
749 3900 935 3967 Heroordia
957 3901 1039 3966 libro
1061 3900 1250 3983 esson'ptum
1271 3902 1308 3966 de

157 4017 184 4056 co
198 3992 322 4057 Thomu
339 3991 464 4058 Wodeia
480 3992 586 4073 fratre
603 3989 727 4056 ordinis
742 3989 910 4054 Minorum
926 3992 1121 4072 proebeant·
1143 3989 1200 4070 ani
1217 3995 1309 4054 sunt:

194 4187 221 4252 1)
239 4185 281 4249 ct.
302 4185 346 4239 ίΝ.
360 4184 473 4238 Archio’
490 4183 570 4250 XXI,
586 4199 616 4250 p.
633 4183 781 4238 ooo-508.
853 4182 881 4247 2)
903 4182 935 4234 Ut
954 4183 1009 4234 ram
1028 4183 1057 4232 in
1071 4180 1183 4248 prolooo
1199 4199 1226 4249 p.
1246 4183 1307 4244 789,

191 4272 254 4311 no
280 4258 321 4309 est
339 4255 413 4322 dare,
435 4255 504 4323 quod
521 4256 635 4308 tolerari
657 4269 711 4305 non
731 4258 831 4320 potest,
854 4253 917 4308 ibid.
940 4269 969 4319 p.
989 4255 1050 4319 740,
1078 4253 1096 4305 l.
1114 4255 1139 4307 8.
1160 4268 1308 4320 pronomen

192 4328 334 4382 relativum
353 4331 486 4380 omissum.
719 4375 722 4382 ⁴
