3232 4856
596 401 764 458 GRONIOA
782 400 917 458 MINOR.
1263 408 1317 462 499

199 583 296 665 facite
319 585 406 650 credi
422 585 540 669 poterd
569 587 652 651 bunc
674 585 809 650 codicem
832 585 1034 666 archetypum
1065 584 1259 651 recensionis
1282 587 1316 652 Β

197 674 308 753 fuisse.
339 675 449 756 Neque
464 681 569 740 toncen
583 676 640 740 boo
655 673 783 739 omnino
798 673 911 756 necari
923 679 1033 755 potest,
1050 673 1206 739 nescimus
1220 674 1314 757 enim,

197 763 348 843 oumnodo
378 763 458 829 tiber
486 764 674 846 arebetupus
702 762 797 827 buius
825 761 1019 827 recensionis
1048 763 1242 845 conscriptus
1264 763 1313 831 sit.

197 851 293 915 Fieri
310 852 423 932 potuit,
446 859 482 916 ut
504 859 614 918 auctor
642 851 679 917 in
708 851 903 933 outoorapbo
928 871 985 915 suo
1007 850 1200 917 recensionis
1222 856 1255 917 A
1277 875 1316 919 ea
1343 881 1347 888 ·

175 939 352 1022 sdeteoerit
377 941 546 1022 addiderit,
569 938 746 1022 mutaverit,
769 939 909 1021 quaein
931 939 1111 1005 recensione
1130 939 1166 1005 Β
1188 941 1314 1022 ornissa,

199 1027 331 1108 adiecta,
355 1035 476 1094 mutato
503 1035 586 1111 sunt,
610 1035 645 1093 ut
666 1030 723 1094 boc
748 1027 872 1093 scribae
887 1049 1010 1110 parum
1027 1028 1133 1110 pardo
1155 1029 1315 1110 retioioso·

145 1143 150 1152 ·
197 1136 256 1197 aue
278 1137 317 1181 ac
339 1117 563 1200 neatcoentiori
584 1117 621 1183 in
644 1117 804 1199 euunplar
826 1118 1118 1182 transscribendum
1134 1117 1313 1199 tradiderit,

197 1225 235 1268 ec
264 1225 323 1286 quo
353 1207 527 1288 exemplari
556 1227 660 1271 annes
690 1205 810 1272 codices
838 1205 940 1270 nostri
967 1205 1159 1270 recensionis
1181 1204 1215 1269 Β
1240 1228 1314 1288 pro-

196 1293 272 1371 fecti
294 1293 368 1358 sint.
415 1297 465 1360 Ac
486 1316 565 1360 sone
588 1295 806 1361 additamenta
828 1293 1021 1359 recensionis
1042 1293 1076 1358 Β
1101 1293 1138 1358 in
1160 1295 1314 1377 meraini-

163 1383 254 1447 abus
282 1381 359 1447 libri
387 1383 577 1467 autoqropbi
606 1384 639 1449 A
668 1383 789 1464 scripta
816 1383 918 1463 tuisse
947 1404 981 1447 eo
1014 1383 1146 1464 probari
1179 1383 1313 1466 uidetur,

196 1472 280 1552 quod
306 1473 463 1537 nonnulla
491 1473 603 1537 borum
633 1472 919 1538 additamentorum
946 1471 1082 1536 diuersis
1111 1471 1187 1537 iocis
1208 1471 1245 1537 in
1268 1494 1313 1538 re-

197 1559 356 1624 censiones
372 1563 506 1627 atteram
528 1568 557 1626 et
579 1561 705 1626 tertiam
728 1566 758 1626 ct
771 1566 920 1642 quartam
941 1566 1065 1641 recepta
1087 1559 1184 1625 sintl.
1222 1561 1314 1627 Certo

196 1655 330 1729 omooret
351 1655 381 1713 et
401 1649 594 1715 recensionis
609 1652 641 1715 A
664 1651 824 1730 exemplar
840 1649 1083 1730 transscriptum
1106 1655 1135 1714 et
1156 1649 1193 1714 in
1209 1651 1313 1731 pedii-

196 1757 265 1801 cum
299 1737 446 1803 emissem
479 1759 553 1820 esse,
589 1745 758 1820 antequam
792 1736 987 1802 oorednnatio
1021 1761 1051 1802 a.
1079 1743 1310 1804 1262—1265.

161 1851 186 1892 a
195 1826 372 1907 adderetur,
397 1833 426 1891 et
447 1828 658 1892 recensionem
680 1826 714 1891 Β
742 1826 779 1891 in
802 1826 996 1908 exemplaria
1019 1827 1263 1909 transscriptam
1284 1836 1314 1894 et

194 1914 354 1996 ouiaatom
376 1936 450 1996 esse,
482 1923 651 1998 antequam
678 1913 936 1981 Continuationis
959 1915 990 1979 Ι.
1015 1936 1098 1996 pars
1120 1915 1150 1979 I.
1176 1938 1206 1981 o.
1227 1922 1310 1980 1266

193 2008 335 2068 -1267.
360 2004 556 2069 scriberetur.
599 2005 704 2071 Unum
727 2005 839 2068 buum
861 2004 1088 2085 enemptarinm
1110 2003 1312 2087 archetypum

194 2090 347 2156 librormn
368 2093 563 2158 recensionis
577 2093 610 2158 B
632 2093 688 2175 oui
710 2098 878 2174 supersum
894 2091 995 2171 samse
1017 2092 1149 2158 uidetur.
1187 2093 1261 2175 Qui
1274 2095 1311 2159 in

194 2186 256 2245 tres
285 2181 468 2246 secernendi
497 2188 572 2247 sunt
597 2182 720 2262 classes,
744 2181 782 2245 in
803 2180 916 2262 qnibm
939 2181 1083 2246 diuersae
1105 2181 1310 2247 continuatio-

158 2289 250 2338 nnes
272 2269 360 2350 operi
381 2270 500 2349 fratris
522 2271 668 2336 Minoris
690 2273 730 2335 ab
754 2269 830 2334 otiis
853 2269 994 2334 adiectae
1016 2276 1099 2334 sunt.

300 2358 416 2424 Prima
439 2359 550 2424 elassis
565 2366 611 2424 est
633 2359 772 2424 codicum
788 2358 822 2422 Β
836 2366 863 2421 l.
881 2364 931 2421 1⁸·
944 2353 973 2436 Β,
997 2357 1181 2440 inquorum
1204 2361 1309 2426 orche-

194 2452 264 2528 typo
298 2446 493 2512 continuatio
527 2448 629 2518 breuis
660 2471 691 2512 a.
719 2453 949 2527 snos-1268,
985 2468 1081 2528 quam
1111 2446 1178 2511 Bl
1210 2449 1309 2513 solam

193 2534 292 2615 babet,
316 2535 407 2600 nobis
429 2535 550 2617 quinto,
579 2536 746 2601 subiuncta
775 2536 870 2600 etad
892 2558 922 2600 o.
943 2539 1037 2598 1256.
1060 2534 1175 2600 relatio
1197 2537 1307 2618 breuis,

194 2643 257 2703 queo
280 2623 532 2705 arcbieynscopus
550 2623 762 2707 Monuntinus
784 2623 821 2688 in
844 2623 962 2688 allodio
985 2623 1172 2688 monosterii
1191 2624 1309 2690 Votbot-

158 2711 306 2780 uderode
329 2718 438 2792 eaptus
460 2732 525 2777 esse
547 2712 675 2793 dicitur,
699 2712 812 2777 addita
834 2719 911 2776 erat.
959 2712 1003 2775 In
1033 2711 1136 2777 codiee
1162 2734 1234 2778 oero
1261 2715 1309 2779 de-

187 2799 328 2880 perdito,
359 2820 398 2863 eu
427 2821 487 2881 ouo
516 2800 592 2864 dibri
621 2800 655 2865 Β
670 2807 707 2865 1³
734 2807 764 2866 et
784 2799 818 2864 Β
834 2795 871 2864 lb
906 2799 1055 2882 desorcffii
1086 2807 1174 2879 sunt,
1206 2802 1310 2868 attera

193 2887 288 2968 tanao
317 2888 513 2953 continuatio
542 2889 666 2954 adiecta
695 2896 773 2970 erat,
803 2910 899 2970 quam
926 2888 1085 2971 inteoram
1107 2891 1192 2955 solus
1214 2892 1309 2956 coden

192 2974 226 3039 Β
244 2981 283 3038 la
315 2979 455 3058 praebet,
487 2977 577 3043 nobis
606 2984 703 3043 senta.
750 2979 843 3043 Haeo
871 2978 908 3042 in
939 2983 1001 3042 tres
1029 2984 1140 3060 partes
1173 2978 1309 3046 diuersis

193 3063 269 3130 locis
283 3063 420 3146 sanatas
435 3065 608 3131 diuidendo
631 3071 683 3131 est.
720 3066 765 3130 In
783 3065 893 3148 priore
910 3073 1005 3148 parte
1027 3088 1059 3131 a.
1075 3072 1306 3135 1269-1276.

157 3155 248 3218 iasub
272 3176 301 3218 a.
318 3158 413 3218 1269.
436 3175 487 3219 res
502 3156 542 3218 ab
558 3156 668 3220 abbate
688 3157 726 3220 de
741 3154 941 3234 Reifcnstein
958 3155 1149 3220 monasterio
1169 3157 1308 3222 Tbnrin

189 3241 260 3324 eico
278 3241 402 3308 ordinis
422 3241 642 3308 Oisterciensis
654 3249 743 3326 aesta
758 3250 923 3324 narratur,
943 3244 999 3308 sub
1022 3267 1052 3308 a.
1069 3249 1164 3307 1271.
1182 3244 1309 3326 donum

192 3330 288 3396 iuriae
310 3353 332 3396 a
355 3333 490 3413 quodam
512 3333 664 3398 monocbo
686 3331 874 3398 monasterii
904 3332 1196 3398 Vobbolderodensis
1223 3334 1308 3398 unu

191 3418 311 3501 rinyici
339 3420 466 3486 ordinis
500 3419 719 3486 Gisterciensis
752 3421 854 3486 nsum
883 3442 948 3486 esse
982 3420 1130 3486 deditur.
1178 3422 1250 3487 Hoc
1281 3429 1310 3487 et

191 3508 405 3574 additamento
432 3531 462 3574 a.
483 3515 576 3574 1256.
608 3511 768 3575 obseruata
797 3511 849 3575 W.
873 3510 1005 3576 Erben²
1032 3516 1112 3575 reete
1142 3509 1309 3577 coniecisse

155 3596 314 3662 occidetur
336 3599 539 3680 archetypum
565 3598 704 3664 codiucm
727 3598 760 3663 B
779 3605 807 3662 1.
826 3593 904 3662 1⁸³³
931 3597 1065 3680 indeque
1094 3597 1308 3664 Continuatio

190 3707 261 3750 nem
276 3686 312 3749 V.
332 3693 361 3751 et
378 3694 483 3752 sextae
499 3693 626 3769 portem
638 3687 782 3769 umorem
801 3687 838 3752 in
856 3687 998 3753 coenubio
1014 3686 1309 3752 Voibobderodensi³

190 3774 309 3857 scribta
324 3775 433 3855 fnisse.
470 3777 557 3842 Sane
579 3797 644 3842 non
662 3775 805 3842 dubitari
820 3783 930 3858 potest,
955 3775 1034 3858 quin
1055 3777 1228 3842 monachia
1242 3776 1308 3858 oui-

189 3863 264 3929 dam
281 3863 499 3930 Oisterciensis
511 3863 730 3947 Thurinoicus
746 3865 994 3931 additamentum
1010 3886 1040 3929 a.
1052 3869 1146 3928 1256.
1163 3871 1193 3930 et
1206 3864 1308 3930 Genti

191 4093 217 4159 1)
236 4092 306 4144 Sane
323 4107 510 4160 nonnusquam
523 4093 546 4146 G
554 4093 568 4147 1
586 4109 646 4144 cnm
665 4093 769 4145 coena
784 4093 889 4145 diuersa
907 4094 1065 4146 recensionis
1077 4092 1103 4144 Β
1120 4093 1244 4156 convenit,
1263 4093 1307 4144 sed

153 4161 237 4220 sobac
255 4179 318 4216 casu
342 4164 382 4215 oct
404 4179 438 4216 ea
456 4163 571 4216 arbitrio
587 4163 690 4216 scribae
707 4165 836 4230 eumdum
854 4166 984 4214 mutantis
1001 4163 1122 4228 affection
1140 4177 1192 4214 esse
1212 4169 1307 4229 paen.

189 4234 217 4300 2)
232 4233 274 4288 ‘N.
288 4233 401 4286 Arobio'
413 4235 509 4298 XXII,
524 4251 553 4302 p.
566 4236 627 4290 447.
681 4235 709 4300 3)
726 4234 989 4287 nonsummum
1006 4237 1037 4286 in
1054 4234 1152 4285 donata
1171 4234 1302 4290 Gotbono.

190 4305 305 4427 gbbotc'a
330 4306 563 4369 Reiscnstn'nensis
588 4307 644 4371 suit
668 4305 727 4370 fitia
744 4305 1005 4368 Voltcoiderodmsts;
1029 4304 1210 4373 Jonauscbeb,
1231 4305 1307 4373 Orio.

211 4377 296 4430 utera
315 4376 338 4442 I,
359 4393 389 4444 p.
409 4379 461 4432 146
470 4393 507 4445 sq.

1041 4479 1094 4538 32*
