3200 4844
319 343 353 394 62
401 337 581 392 ANNALES
600 337 628 394 S.
642 336 760 392 PETRI
776 337 1149 396 IIRPHESFURTENSES
1167 339 1348 397 Matones

232 528 309 584 1177.
320 523 503 587 devastant
526 526 562 586 et
584 522 791 598 incendunt;
824 520 867 585 ob
898 543 1002 605 quam
1024 525 1322 607 presumpcionem
1344 525 1438 592 idem

320 611 479 696 princeps
502 611 538 674 in
561 611 613 674 ira
636 614 832 694 permotus⁸
851 611 922 674 tria
945 611 1088 676 castella
1110 613 1259 695 predicti
1280 612 1440 678 Heinrici

321 700 454 764 comitis
483 701 521 762 in
549 699 646 764 brevi
669 720 872 783 oppugnans
896 700 1075 764 destruxit.
1178 701 1371 785 Imperator
1395 703 1438 768 de

232 795 311 849 1178.
321 789 427 852 Italia
448 788 665 853 revertitur1.

426 876 694 941 MOLXXVIII.
748 875 870 941 Gravis
905 877 1077 942 discordia
1111 878 1202 942 inter
1236 878 1476 965 Philippums

321 966 560 1031 Coloniensem
583 966 878 1051 archiepiscopum
901 969 937 1030 et
957 965 1161 1032 Heinricum
1178 963 1435 1032 Baioariorumb

321 1059 423 1138 atque
470 1055 643 1119 Saxonum
689 1055 811 1119 ducem
856 1059 933 1119 orta
978 1059 1040 1120 est.
1099 1055 1199 1122 Unde
1244 1057 1335 1122 idem
1383 1079 1440 1122 an·

319 1145 418 1209 tistes
443 1165 522 1208 cum
550 1144 687 1228 copiosa
710 1143 934 1209 multitudine
969 1145 1054 1209 fines
1085 1146 1260 1228 attingens
1292 1146 1439 1212 Saxonie

321 1233 448 1319 oppida
471 1233 724 1317 quamplurima
759 1236 794 1297 et
830 1233 996 1308 civitates,
1033 1234 1169 1318 prefato
1204 1235 1359 1320 principe
1394 1236 1439 1300 ad

322 1323 512 1386 municiora
547 1322 745 1397 decedente,
780 1321 997 1387 incendendo
1033 1325 1068 1386 et
1103 1323 1312 1388 destruendo
1347 1328 1439 1390 terre
1451 1349 1476 1386 ιο

320 1411 480 1475 funditus
511 1411 708 1494 coequarit;
741 1411 800 1476 sed
830 1411 970 1476 tandem
1001 1413 1176 1476 mediante
1208 1412 1439 1478 Wichmanno

321 1499 613 1584 Magdeburgensi
636 1498 869 1582 archipresule
893 1499 987 1563 ultra
1010 1501 1145 1584 digredi
1169 1501 1338 1566 desistens
1361 1503 1440 1567 dex-

153 1565 412 1740 ²'““1⁶i¹‚'¹1⁸c',⁹²'trpls⁰
441 1589 539 1654 dedit
569 1592 605 1653 et
635 1589 784 1671 accepit;
816 1590 932 1671 sicque
963 1609 1040 1653 cum
1072 1590 1201 1654 honore
1232 1592 1277 1654 ad
1299 1592 1440 1675 propria

321 1699 358 1742 re
384 1678 435 1741 iit.

235 1772 312 1826 1179.
428 1767 623 1850 Imperator
660 1766 789 1830 curiam
826 1785 923 1829 suam
953 1765 1148 1832 Wormacie
1182 1769 1219 1830 in
1254 1769 1478 1853 epiphanias>

204 1906 223 1936 ο,
231 1842 285 1944 iss]
293 1841 313 1938 ῗζ
322 1855 464 1920 Domini
474 1857 495 1932 2,
521 1855 646 1919 dehinc
670 1855 763 1939 apud
779 1854 853 1919 Sels
877 1855 968 1919 circa
983 1856 1181 1939 paschalem
1196 1857 1442 1923 festivitatem³

222 1967 271 2009 ra..
279 1966 312 2008 a.
321 1945 472 2028 itemque
495 1945 533 2007 in
552 1938 785 2027 Magdeburcd
812 1945 849 2007 in
872 1942 1001 2007 natali⁰
1037 1945 1147 2008 sancti
1171 1945 1336 2010 Iohannis
1361 1947 1440 2032 bap·

320 2034 404 2098 tiste
427 2032 560 2098 habuit.

270 2149 312 2216 a·
427 2123 556 2206 Magna
579 2123 719 2186 sinodus
743 2143 820 2186 cum
843 2121 1079 2186 universarum
1096 2123 1348 2206 provinciarum
1373 2124 1442 2209 epi·

307 2210 433 2296 'scopis
457 2215 493 2276 et
516 2211 700 2276 abbatibus
723 2211 760 2274 in
777 2210 955 2274 Lateranis
980 2211 1153 2276 mediante
1177 2213 1478 2297 quadragesimam

322 2301 385 2364 sub
410 2323 498 2385 papa
521 2300 719 2364 Alexandro
743 2299 945 2364 celebratur.

235 2392 311 2448 1178.
429 2390 559 2454 Eodem
581 2393 736 2473 tempore
760 2387 939 2452 Cristanus
964 2389 1186 2472 Mogontinus
1216 2391 1441 2474 archiepisco·

322 2499 386 2563 pus
410 2500 431 2542 a
452 2479 616 2543 Romanis
641 2477 782 2554 civibus,
811 2498 895 2560 quos
919 2497 999 2561 sepe
1023 2478 1275 2555 molestaverat,
1300 2479 1337 2541 in
1361 2501 1441 2563 quo-

322 2569 403 2632 dam
427 2570 539 2632 castro
556 2566 647 2650 quod
672 2571 724 2631 est
747 2587 853 2651 prope
868 2560 1035 2630 Romamf
1057 2568 1252 2650 requiritur,
1278 2573 1442 2632 castrum-

322 2678 388 2740 que
412 2660 448 2720 et
471 2655 581 2720 clerus
606 2656 663 2738 qui
687 2656 821 2740 inipso
846 2657 967 2719 erantg
999 2655 1063 2720 sub
1086 2657 1199 2740 specie
1230 2657 1337 2740 ipsius
1367 2658 1442 2740 igni
1452 2683 1478 2722 εει

323 2749 505 2809 crematur.
541 2745 641 2809 Inter
655 2765 740 2827 quos
763 2743 869 2808 abbas
893 2744 936 2808 de
951 2743 1164 2827 Hasungen4
1187 2747 1223 2810 ct
1245 2747 1441 2829 prepositus

324 2835 366 2898 de
401 2833 574 2897 Frideslar
606 2833 824 2898 interierunt.
871 2832 970 2898 Idem
1003 2853 1084 2898 vero
1121 2835 1266 2898 antistes
1301 2836 1337 2897 in
1372 2835 1442 2900 afio

324 2926 436 2986 castro
474 2923 618 2986 latitans
656 2922 798 2985 fortuna
836 2921 902 2985 sibi
935 2921 1037 2985 solito
1071 2922 1212 2987 favente
1251 2924 1442 3007 periculum

325 3011 444 3075 mortis
467 3011 576 3075 evasit
586 3009 607 3073 ⁵.

231 3117 314 3161 run.
433 3092 517 3163 ΧΠ
542 3099 621 3163 Kal.
639 3101 768 3183 Augus.
793 3101 980 3182 tempestas
1003 3099 1120 3164 valida
1143 3104 1178 3164 et
1201 3101 1332 3183 grando
1355 3101 1481 3168 inco-co

326 3188 399 3264 lita,
434 3190 486 3252 ita
519 3192 559 3252 ut
594 3210 662 3253 non
686 3191 824 3253 tantum
855 3188 973 3270 fruges
1007 3189 1044 3251 in
1067 3189 1238 3273 plerisque
1261 3184 1437 3273 partibus¹

325 3279 516 3355 interirent,
543 3271 682 3341 rerumk
715 3280 751 3341 et
774 3277 913 3340 arbores
936 3277 973 3340 in
996 3278 1201 3360 quibusdam
1231 3277 1315 3342 locis
1348 3276 1444 3342 foliis

324 3449 348 3503 ι)
360 3455 474 3502 promotus
489 3453 507 3494 2.
522 3452 598 3495 cans.
612 3452 657 3494 cod.
671 3453 691 3490 1.
765 3449 788 3498 b)
801 3449 964 3490 baioci-lectum
979 3451 998 3492 1.
1071 3450 1092 3500 c)
1105 3448 1211 3491 dexteras
1225 3452 1244 3492 1.
1316 3448 1339 3500 d)
1353 3451 1444 3500 magdo-

324 3505 381 3556 hurg
395 3507 414 3548 11,
494 3505 515 3556 c)
529 3506 593 3546 natat
605 3508 624 3548 1.
704 3505 722 3554 s)
736 3504 835 3543 rhomam
851 3504 869 3546 1.
945 3506 968 3553 g)
981 3505 1012 3542 stc
1026 3506 1044 3546 1.
1058 3505 1078 3547 2.
1150 3504 1174 3556 h)
1187 3505 1226 3547 xl.
1239 3504 1261 3546 k.
1276 3503 1333 3555 Aug.
1348 3515 1391 3547 om.
1405 3504 1444 3548 ³¹:

324 3558 411 3599 Eodem
424 3571 483 3599 nuno
494 3559 618 3608 praemicat
631 3559 667 3599 db.
722 3556 739 3608 i)
753 3557 808 3597 loen
822 3555 855 3597 ab,
910 3558 935 3606 k)
948 3555 988 3598 red
1003 3557 1071 3598 etiam
1086 3556 1118 3600 81³.
1456 3555 1482 3596 ³5

328 3683 354 3750 1)
381 3684 414 3734 In
443 3683 521 3737 Gron.
551 3683 577 3736 S.
600 3684 676 3736 Petri
706 3683 774 3737 mod.
803 3681 850 3734 hoc
873 3687 941 3734 recte
973 3682 1011 3734 cd
1042 3697 1069 3736 α.
1092 3685 1169 3738 1178.
1204 3683 1361 3734 adnotatum
1398 3688 1446 3738 cst.

325 3757 353 3822 2)
376 3754 488 3806 Domum
507 3759 595 3806 octova
608 3755 776 3822 epiphaniae,
795 3768 846 3820 quo
864 3755 907 3805 dic
918 3755 1067 3820 imperator
1082 3754 1258 3806 Wormotiam
1270 3757 1347 3818 amit,
1365 3755 1447 3806 catria

325 3831 485 3964 ccccc
498 3824 1126 3962 111111111511111·1621271111
1140 3825 1448 3961 cretur-cea·

326 3967 603 4021 Schrcincurkundm'
614 3939 645 4031 '1,
660 3915 689 4033 Ji
704 3971 763 4032 129,
782 3985 824 4019 nr.
838 3933 903 4022 ν22.
914 3936 1021 4034 quando
1046 3937 1196 4034 imperator
1220 3935 1323 4020 curiaui
1348 3965 1484 4022 habuitso

326 4039 354 4140 in
374 4037 451 4124 delae
476 4039 504 4090 iu
523 4037 623 4105 pascha
641 4041 711 4105 port.
763 4109 771 4133 Ι
791 4040 821 4114 4)
838 4039 995 4104 Heinricue,
1014 4043 1044 4088 ut
1061 4038 1182 4123 addetum·
1207 4039 1242 4101 cf.
1262 4037 1399 4123 Schlcrath
1417 4040 1447 4090 in

326 4108 1449 4248 cccc:ccccccccccsuarattaratae

327 4251 439 4302 conam
464 4253 510 4304 hoc
524 4223 637 4315 'fadum
661 4267 715 4304 cccc
728 4219 855 4315 'dicatam
880 4267 905 4304 a.
920 4253 997 4306 1178.
1015 4221 1136 4315 'icioma
1161 4221 1303 4318 ntiquom
1328 4252 1450 4304 Romani

328 4336 387 4370 cum
405 4321 564 4373 Alexandro
586 4339 662 4391 papa
679 4323 895 4389 pacificarentur,
912 4329 1013 4388 portum
1030 4337 1084 4374 csse
1101 4323 1213 4377 videtur.
1457 4339 1484 4379 45
