3186 4844
306 405 340 458 92
388 403 568 459 ANNALES
586 405 777 465 ERPHORD.
795 407 985 465 FRATRUM
1003 407 1343 464 PRAEDIOATORUM.

161 545 297 654 Mididi
413 587 490 651 Hoc
513 609 604 653 anno
628 589 668 651 V.
694 591 773 654 Kal.
798 591 952 655 Ianuarii
978 593 1016 654 in
1040 591 1153 655 Fulda
1176 591 1277 655 Iudei
1300 591 1423 654 utrius-

205 669 254 712 ⁰⁶⁶·
265 670 297 713 ²⁸·
307 697 372 758 que
403 697 502 740 sexus
530 678 735 741 ΧΧΧΙΙΠιι
763 702 782 743 a
811 681 1080 764 crucesignatis
1109 679 1314 744 Christianis
1340 683 1421 743 sunt

204 784 296 828 naua
307 767 485 849 perempti,
510 768 672 848 quoniam
696 769 764 832 duo
788 789 829 833 ex
852 763 994 834 iisdemb
1023 770 1141 834 Iudeis
1163 769 1201 832 in
1224 772 1343 833 sancto
1367 769 1422 832 die

307 853 436 917 Christi
467 855 645 919 cuiusdam
679 857 920 921 molendinarii
955 861 1053 922 extra
1086 878 1201 921 muros
1232 857 1423 922 habitantis

307 945 341 1005 et
365 942 504 1007 interim
527 945 563 1007 in
580 945 725 1010 ecclesia
749 967 827 1010 cum
850 968 955 1012 uxore
980 968 1042 1010 sua
1064 948 1236 1011 manentis
1252 945 1283 1009 V
1299 967 1422 1029 pueros
1440 969 1454 1007 s

305 1032 548 1098 miserabiliter
585 1035 832 1099 interemerant
870 1057 909 1100 ac
947 1037 1099 1121 ipsorum
1146 1035 1347 1119 sanguinem
1386 1037 1423 1098 in

306 1121 412 1185 saccis
437 1143 515 1186 cera
537 1123 648 1186 linitis
672 1128 903 1209 susceperant,
931 1126 1079 1208 igneque
1103 1125 1222 1188 domui
1245 1125 1422 1208 supposito

305 1211 520 1286 recedentes;
554 1212 651 1275 cuius
680 1213 731 1276 rei
755 1214 901 1278 veritate
925 1219 1101 1298 comperta
1124 1217 1159 1279 et
1183 1213 1226 1277 ab
1250 1213 1332 1296 ipsis
1356 1213 1422 1277 reis

306 1299 423 1362 Iudeis
447 1300 613 1377 confessa,
639 1302 754 1384 puniti
777 1307 868 1379 suut,
893 1308 1060 1387 utsupra
1084 1303 1215 1367 dictum
1240 1307 1292 1366 est
1302 1301 1323 1363 1.

231 1417 294 1464 carr.
412 1388 489 1453 Hoc
514 1411 604 1453 anno
628 1391 714 1455 adeo
738 1391 851 1454 calida
873 1392 962 1454 fuit⁰
987 1393 1106 1465 hiems,
1130 1395 1171 1455 ut
1195 1392 1252 1455 vix
1275 1392 1424 1456 sedecim
1433 1415 1460 1454 ro

306 1477 378 1541 dies
401 1477 564 1562 glaciales
588 1480 681 1543 inea
700 1481 893 1563 computari
916 1476 1127 1564 potuertnrd,
1152 1482 1189 1544 in
1204 1501 1272 1564 qua
1293 1483 1417 1545 etiam⁰

186 1595 253 1636 nare.
263 1595 295 1637 ιο,
306 1567 426 1631 audita
449 1571 531 1631 sunt
555 1569 710 1631 tonitrua
733 1568 793 1632 VI.
820 1569 904 1632 Idus
927 1570 1059 1634 Marcii.

178 1685 294 1734 rasa).
411 1656 487 1720 Hoc
519 1678 609 1721 anno
633 1657 815 1741 Pragensis
839 1660 1040 1742 episcopus²
1062 1660 1098 1721 in
1123 1679 1239 1722 mense
1263 1660 1422 1742 Augusto

306 1745 408 1824 obiit;
434 1747 490 1810 cui
514 1739 771 1810 scolasticusf·⁸
786 1747 939 1812 eiusdem
957 1748 1099 1812 ecclesie
1122 1749 1318 1823 succedens,
1337 1747 1423 1812 elee-

304 1839 362 1898 tus
386 1835 517 1899 domini
539 1835 739 1918 Moguntini
763 1837 971 1901 auctoritate
995 1836 1187 1919 llrphordie
1217 1837 1253 1899 iu
1278 1835 1423 1901 ecclesia
1434 1857 1460 1898 15

306 1928 423 1988 sancte
440 1923 549 1988 Maria
565 1924 609 1987 ab
626 1925 680 1988 his
695 1924 807 1989 tribus
823 1926 992 2008 personis:
1017 1925 1143 1990 abbate
1159 1925 1278 1989 Sancti
1294 1925 1389 1990 Petri
1399 1925 1420 2003 ⁴,

306 2012 458 2077 decano⁵
488 2017 523 2076 et
557 2009 795 2078 scolasticos-⁶
826 2015 1023 2098 supradicte
1058 2015 1215 2091 ecclesie,
1248 2015 1422 2078 confirma·

306 2103 448 2166 tuaest.

218 2201 295 2254 1237.
411 2193 513 2254 Anno
548 2191 689 2255 Domini
723 2191 1005 2257 MOOXXXVII.
1063 2192 1256 2275 Imperator
1290 2192 1422 2277 Longo·

306 2280 491 2344 bardorum
514 2282 726 2364 pertinacem
754 2283 873 2345 videns
904 2283 1156 2345 contumaciam
1185 2282 1311 2345 iterum
1340 2282 1461 2366 ipsisso

306 2390 470 2452 magnum
504 2370 745 2453 superinduxit
780 2370 977 2434 exereitum.
1032 2370 1075 2433 ln
1105 2391 1173 2453 qua
1204 2371 1422 2454 expeditione

204 2483 259 2529 (oa.
267 2487 296 2534 1).
306 2458 510 2522 Paduanos⁷
533 2459 570 2521 in
594 2459 805 2523 deditionem
828 2460 974 2543 recepit;
1005 2480 1084 2523 cum
1107 2459 1424 2524 Mediolanensibus

178 2568 385 2622 (reparavero
410 2547 607 2630 confligens,
632 2548 667 2611 X
689 2548 785 2611 milia
807 2549 994 2631 prostravit
1024 2569 1064 2612 ae
1087 2548 1183 2612 mille
1212 2549 1254 2612 de
1279 2548 1424 2612 meliori-

306 2637 370 2701 bus
405 2637 559 2720 captivos
594 2636 752 2711 abduxit,
783 2637 994 2719 victoriaque
1025 2638 1171 2722 potitus,
1208 2637 1425 2701 carruchium

258 2805 262 2814 ι
306 2726 458 2808 ipsorum
480 2725 644 2788 Romanis
667 2726 869 2789 transmisit.
1435 2747 1461 2787 rs

215 2804 297 2904 ³¹:2¹5}
412 2813 490 2877 Hoc
520 2835 610 2877 anno
641 2814 753 2898 pridie
783 2814 816 2877 N
818 2835 901 2878 onas
924 2815 1009 2877 Maii
1038 2815 1076 2877 in
1100 2814 1301 2879 Babenberc
1332 2815 1425 2879 dedi-

306 2905 422 2967 catum
453 2905 506 2966 est
534 2903 780 2967 monasterium
810 2903 853 2966 ab
877 2904 931 2966 his
955 2904 1140 2988 episcopis:
1165 2903 1422 2987 llrbipolense⁸,

306 2991 541 3075 Eystatense⁹‚
558 2992 865 3076 Nuwenburgense
876 2992 910 3069 ¹⁰,
928 2993 1212 3075 Merseburgense
1223 2992 1258 3069 Π,
1284 2993 1424 3055 domino

306 3101 397 3164 papa
419 3081 547 3145 ibidem
571 3101 732 3164 magnam
754 3081 906 3145 faciente
928 3081 1194 3165 indulgentiam.

213 3197 296 3240 narse.
412 3169 565 3235 Eodemg
584 3171 639 3234 die
655 3169 882 3254 Maguntinus
905 3169 947 3233 ab
970 3171 1177 3254 imperatore
1194 3169 1462 3254 Erphordiamso

306 3260 445 3324 veniens
457 3260 483 3298 ¹²
498 3259 712 3323 sollemniter
735 3281 756 3322 a
772 3258 862 3323 clero
879 3262 1058 3344 susceptus
1075 3262 1138 3323 est.
1178 3258 1245 3337 Qui
1270 3259 1426 3342 proxima

200 3377 296 3418 uacuo.
305 3349 464 3432 sequenti
494 3349 666 3412 dominica
695 3349 733 3411 in
756 3349 900 3412 ecclesia
928 3349 1040 3412 sancti
1063 3347 1159 3412 Petri
1182 3347 1365 3411 Lutolfum
1379 3348 1426 3410 in

306 3430 648 3502 Halterstaaensemh
677 3439 712 3501 et
735 3437 977 3501 Bernhardum
1006 3437 1044 3499 in
1071 3435 1279 3519 Pragensem
1311 3457 1426 3500 conse·

306 3527 414 3591 oravit
449 3527 662 3610 episcopum,
703 3525 966 3610 cooperantibus
1001 3525 1066 3588 sibi
1100 3525 1175 3588 istis
1210 3525 1424 3610 presulibus:

306 3719 327 3765 a)
341 3717 425 3756 XXXII
439 3717 465 3758 P.
532 3717 555 3764 b)
569 3717 651 3756 sladem
667 3717 690 3758 P.
758 3720 778 3765 c)
792 3717 867 3756 fuerat
881 3717 904 3759 P.
973 3713 996 3764 d)
1010 3717 1167 3766 potuerantP.
1236 3714 1257 3767 a)
1271 3716 1302 3755 rio
1316 3717 1347 3764 P,-
1368 3721 1393 3756 et
1407 3719 1462 3761 Lat

305 3771 322 3818 f)
332 3770 436 3811 scholast
447 3771 465 3810 1.
510 3771 532 3817 r)
541 3771 650 3819 sequentia
659 3791 685 3799 -
691 3781 715 3818 p.
723 3769 756 3818 93,
767 3771 781 3812 l.
789 3770 808 3813 8.
823 3771 885 3809 buta
899 3771 911 3809 2
921 3781 948 3819 p.
957 3770 997 3810 542
1005 3781 1044 3820 eq„
1055 3770 1092 3809 ubi
1101 3767 1186 3810 Eodem
1197 3781 1256 3810 auno
1265 3769 1338 3820 pridie
1349 3771 1425 3810 Nonas

304 3823 359 3862 Maii
373 3823 431 3871 Mag.
445 3833 472 3860 ao
486 3822 501 3861 l.
511 3822 544 3864 ²6.
597 3824 620 3870 h)
634 3821 844 3864 Halbarrtadansern
858 3826 877 3867 1.

307 3965 333 4034 1)
348 3965 388 4030 Cf.
403 3965 475 4016 Ana.
489 3962 608 4016 Mortuo.
626 3981 652 4018 a.
664 3968 741 4030 1236,
756 3965 803 4019 SS.
814 3966 845 4016 X
848 3966 908 4029 VH,
924 3983 952 4031 p.
969 3967 1019 4020 178
1025 3982 1037 4026 ,·
1054 3965 1111 4018 LL.
1126 3967 1209 4017 Sestio
1221 3965 1271 4019 IV.
1285 3965 1373 4018 Corne.
1385 3966 1424 4033 ΙΙ,

301 4053 330 4102 p.
344 4038 405 4099 275,
424 4051 467 4088 nr.
481 4036 541 4088 204.
567 4034 678 4086 Insulae
691 4037 740 4088 hac
752 4038 784 4087 de
795 4053 825 4088 re
837 4037 913 4088 habet
925 4037 1029 4090 areca
1043 4037 1137 4090 Senon.
1151 4036 1170 4087 I
1174 4037 1203 4101 V,
1215 4039 1258 4101 38,
1273 4037 1321 4090 SS.
1331 4036 1425 4104 XXV,

301 4123 330 4172 p.
345 4109 405 4159 324.
477 4107 505 4172 2)
524 4104 707 4159 IohanneaII.
770 4110 797 4174 3)
816 4107 1000 4160 Bernhardus.
1064 4109 1092 4175 4)
1109 4107 1245 4160 Heinrioo.
1301 4108 1328 4176 ὃ)
1350 4109 1463 4162 Gan-ro

305 4176 387 4228 thero.
477 4177 505 4242 6)
524 4175 670 4232 Lraedruu'co.
760 4178 787 4244 7)
807 4177 970 4230 Mantuanos
992 4180 1088 4245 potira.
1179 4179 1207 4240 8)
1223 4177 1425 4233 Hermonnol.

306 4247 332 4312 9)
349 4245 477 4296 Helisaeo
494 4245 549 4298 III.
606 4249 649 4312 10)
667 4247 848 4311 Enpclhordo.
906 4250 948 4313 11)
966 4249 1132 4304 Eclechordo.
1195 4251 1239 4316 12)
1262 4249 1296 4300 In
1309 4251 1426 4302 Anarta

305 4322 329 4366 rt
350 4315 490 4378 Baccaria,
513 4319 672 4382 pracsertim
697 4318 823 4369 Wicnnae
847 4325 870 4370 ct
896 4319 1064 4384 Ratiabonae,
1087 4319 1218 4374 morsibus
1242 4320 1425 4389 loa-Apa

305 4385 379 4451 opud
397 4387 581 4450 imperatorem
603 4394 730 4440 moratus.
