3240 4858
299 310 353 366 358
389 305 557 362 cRomcn
569 305 599 362 S.
608 305 724 361 PETRI
736 303 998 360 ERFORDENSIS
1011 303 1102 363 Mon.
1120 303 1156 359 A.
1168 307 1244 360 1326.
1257 307 1333 361 1327.

207 493 338 555 linotet
361 490 565 555 advocatum
589 510 728 554 suarum
751 489 933 554 constituit
949 489 1137 572 regionum,
1163 488 1221 570 qui
1244 488 1423 572 sapienter

303 583 338 644 et
362 578 511 644 fideliter
533 579 674 662 prefuit,
699 598 817 663 paoem
848 581 884 643 et
906 578 1078 642 iusticiam
1102 577 1139 640 in
1163 576 1322 641 omnibus
1345 598 1419 660 pro·

302 668 423 732 vinciis
446 667 616 732 iaciendo.

216 765 292 818 1327.
408 757 510 820 Anno
534 755 674 821 Domini
697 753 974 820 MGOOXXVII.
1016 754 1219 820 Ludewious
1242 759 1323 819 rex‘
1343 775 1419 819 oon·

302 852 446 929 gregato
462 845 615 910 exercitu
626 845 904 927 Longobardinm
916 844 1123 926 Italiamque
1139 843 1253 928 peciit,
1268 844 1451 908 veniens-s

182 909 368 1027 fflffique
397 933 542 998 Romam
572 954 650 998 eum
685 933 812 998 auxilio
843 926 966 998 canisi
993 932 1210 1008 Veronensis,
1242 933 1301 1015 qui
1333 936 1418 996 tnnc

303 1026 378 1086 erat
408 1023 595 1087 advocatus
625 1022 770 1105 imperii,
794 1022 982 1106 imperialis
1006 1021 1187 1105 dignitatis
1211 1021 1342 1103 apicem
1366 1024 1419 1086 est

303 1112 457 1195 adeptus.

206 1203 293 1262 1327?
410 1199 481 1263 Sub
505 1199 624 1264 eodem
647 1203 821 1283 tempore⁰
843 1199 1037 1265 Friderious
1060 1202 1096 1264 et
1112 1198 1332 1264 Hermannus
1354 1199 1419 1262 fra-

302 1290 372 1352 tres
397 1288 439 1353 de
458 1282 662 1352 Drirordia‘1
683 1288 876 1353 coadunato
907 1289 1061 1354 exercitu
1083 1290 1252 1366 venerunt
1276 1287 1312 1350 in
1336 1287 1459 1351 Sun-io

302 1377 468 1455 neb0m0,
493 1377 648 1442 volentes
670 1381 799 1442 terram
820 1378 951 1462 rapinis
979 1381 1015 1442 et
1036 1377 1205 1442 incendiis
1229 1377 1418 1441 devastare.

201 1489 230 1538 γ,
238 1491 292 1531 no.
303 1465 403 1531 Unde
434 1465 628 1530 Fridericns
659 1467 716 1532 'de
744 1459 996 1548 Wangeheims
1023 1487 1099 1530 oum
1128 1466 1300 1530 adiutorio
1335 1486 1418 1528 mar·

303 1555 473 1620 chionisse
504 1558 712 1639 congregato
743 1555 905 1632 exercitu,
937 1575 1015 1620 oum
1045 1555 1178 1619 civibus
1209 1552 1418 1618 Gotensibus

302 1643 442 1708 fortiter
464 1644 667 1708 adversariis
689 1644 906 1721 resistebas
931 1648 968 1707 at
990 1643 1044 1708 illi
1066 1644 1223 1708 videntes
1246 1643 1313 1707 sibi
1335 1643 1418 1727 peri·

303 1731 419 1798 culum
451 1732 629 1797 imminere
660 1725 798 1797 omnesh
829 1733 959 1816 pariter
987 1725 1202 1817 fugierunt¹.
1248 1732 1458 1796 Advocatio

303 1841 382 1885 vero
413 1821 494 1885 hine
519 1815 575 1885 et¹¹
601 1821 682 1886 inde
706 1821 822 1886 hostes
845 1821 1016 1898 cedentes,
1041 1821 1254 1886 Fridericum
1278 1820 1320 1885 de
1344 1820 1418 1883 Dri-

302 1904 443 1974 vordiad
461 1911 497 1974 et
519 1910 664 1974 fratrem
674 1909 695 1987 1,
719 1903 870 1974 diotum¹
892 1911 935 1974 de
951 1909 1201 1993 Hartenbergm
1219 1914 1255 1974 et
1279 1910 1321 1974 de
1338 1909 1419 1972 an-

304 1998 388 2062 dern
413 2002 447 2062 et
469 1998 542 2064 iere
565 2019 683 2064 omnes
707 1999 780 2063 sine
804 1999 1004 2064 defensione
1027 2000 1181 2082 osptiros
1211 1999 1341 2082 pariter
1364 1997 1419 2062 ab·

305 2087 486 2151 duxerunt.
533 2086 621 2152 Ille¹¹
653 2107 734 2153 vero
767 2087 809 2152 de
834 2087 1063 2171 Wangeheim
1093 2087 1242 2169 benigne
1276 2087 1418 2162 facisne,

304 2175 386 2240 licet
401 2196 471 2240 non
487 2177 620 2254 merite,
643 2178 828 2260 cognatum
851 2197 951 2240 suum
967 2177 1119 2240 dictum⁰
1141 2177 1183 2240 de
1199 2175 1417 2252 Drivordia¹³‚
1428 2193 1460 2232 w

241 2283 244 2288 ·
285 2263 387 2336 ¹lieet
416 2283 533 2329 sevum
563 2265 707 2342 hostem,
739 2266 904 2329 abduxitq
937 2265 976 2328 in
1003 2264 1267 2348 Wangeheim¹‚
1298 2284 1342 2330 ne
1374 2264 1418 2328 ab

305 2353 480 2417 advocatis
502 2353 558 2418 vel
588 2354 818 2437 marogrrsvios
847 2356 888 2417 ut
910 2357 1030 2438 raptor
1052 2353 1184 2418 subiret
1207 2354 1417 2418 sentenciam

305 2442 498 2525 capitalem.
545 2441 617 2506 Alii
645 2463 726 2506 vero
756 2463 874 2507 omnes
903 2443 940 2506 in
964 2441 1056 2507 Gota
1085 2443 1191 2519 (iusti,
1215 2445 1346 2527 septem
1378 2462 1419 2507 ex

305 2531 354 2595 eis
384 2531 536 2615 pociores
567 2527 667 2595 suntt
696 2532 880 2615 suspendio
910 2532 1096 2606 interfecti,
1127 2531 1188 2595 alii
1211 2532 1337 2595 nimiau
1365 2551 1418 2614 pe·

305 2619 408 2684 onnia
430 2621 512 2683 data
534 2620 591 2684 vix
614 2620 733 2684 mortis
757 2620 965 2705 supplicium
988 2616 1232 2686 evaserunt2·*.
1429 2637 1459 2677 io

204 2789 295 2901 iiii]
415 2793 442 2874 *)
463 2809 605 2862 nasa:
633 2804 725 2862 Anno
752 2801 846 2863 1327.
871 2805 921 2862 ne
947 2802 1256 2872 18.0a1en‹1.1u1n,
1283 2820 1346 2879 qua
1369 2804 1420 2861 oe

250 2887 254 2898 '
464 2893 663 2949 cantavimus
692 2893 726 2949 in
755 2893 886 2950 ecelesia
909 2892 1077 2952 Severiana
1100 2892 1291 2967 Erphordiae
1320 2891 1420 2950 solen·

465 2981 547 3037 niter
575 2981 698 3056 vigilias
729 2981 779 3038 die
809 2981 1001 3050 dominioa',
1031 2981 1153 3038 fulmen
1184 2982 1357 3039 maximum
1388 2984 1421 3038 et

465 3069 640 3126 tonitruum
656 3073 733 3142 erat,
757 3071 841 3128 unde
857 3071 920 3128 dno
942 3070 1085 3128 homines
1102 3071 1212 3128 statim
1233 3070 1267 3126 in
1290 3070 1420 3127 ecelesia

464 3157 581 3216 mortui
604 3161 679 3216 sunt
702 3161 734 3216 et
756 3159 860 3233 plures
883 3158 936 3215 alii
958 3160 1095 3234 graviter
1116 3159 1267 3216 infirmati
1276 3152 1297 3216 ³.
1431 3181 1461 3221 so

304 3323 327 3375 ι)
340 3323 489 3364 Romanorum
504 3324 555 3366 add.
568 3323 594 3367 Ε.
635 3323 658 3375 b)
672 3323 808 3388 scillcet
821 3321 911 3363 duois
926 3325 976 3367 add.
990 3324 1015 3366 Ε.
1056 3323 1077 3374 o)
1090 3323 1174 3364 Eodem
1189 3335 1247 3364 anno
1260 3325 1285 3366 Ε.
1327 3325 1350 3376 d)
1365 3327 1421 3365 Dre-

304 3377 387 3417 vorden
400 3377 432 3426 Ε,·
446 3377 569 3418 Trevordin
584 3378 614 3422 ii.
666 3375 688 3426 o)
702 3375 802 3417 Souborn
815 3376 841 3420 ii.
893 3377 1420 3428 i)vingomyma.l.,inrra(1.1s)v1ngen-

305 3432 371 3480 hsym
385 3431 411 3472 E.
452 3435 474 3480 g)
487 3432 519 3470 sic
532 3431 551 3473 1.
565 3432 597 3478 115
612 3430 745 3471 resistebant
758 3430 784 3473 Ε.
798 3430 828 3472 si.
876 3428 1200 3481 h)aoi.n;pnr.o.s.n.
1248 3429 1264 3480 i)
1277 3433 1309 3472 sie
1323 3435 1342 3475 1.
1355 3433 1381 3476 Ii.
1394 3433 1420 3474 R.

305 3483 329 3534 k)
344 3494 384 3526 om.
398 3484 425 3524 Ε.
478 3483 494 3534 1)
509 3481 562 3524 dieti
575 3485 602 3527 li.
664 3487 694 3532 m)
708 3484 844 3534 nurinberg
858 3483 883 3526 Ε.
899 3483 927 3526 ii.
941 3483 967 3525 Β.
1030 3487 1054 3532 n)
1068 3483 1200 3524 Preterion
1214 3484 1240 3528 Ε.
1254 3485 1285 3528 ii.
1338 3489 1359 3534 o)
1373 3486 1421 3525 Fri-

305 3534 403 3578 derioum
418 3537 455 3585 ii;
473 3537 572 3577 Reman
587 3539 610 3581 0,
677 3539 700 3587 p)
714 3534 840 3577 Dravordin
853 3537 875 3580 h.
888 3537 903 3579 l.
916 3537 948 3585 ii',·
969 3534 1083 3577 Triiardin
1097 3535 1118 3578 Ιι,
1131 3537 1146 3580 l.
1161 3537 1190 3581 ii.
1258 3537 1281 3589 q)
1296 3549 1338 3581 om.
1351 3539 1377 3581 B.
1394 3539 1460 3584 iius

304 3589 324 3640 r)
338 3589 493 3642 wagoneym
507 3591 528 3634 t.
542 3591 596 3634 iiii.
659 3593 677 3640 s)
691 3591 805 3634 sicldi·
823 3586 875 3632 adv.
889 3591 1090 3640 marggravio
1104 3591 1188 3638 Eteri.
1205 3595 1272 3639 min
1293 3590 1344 3634 adv.
1358 3589 1420 3631 land·

303 3644 394 3694 marina
408 3643 438 3686 Μ.
478 3643 496 3694 t)
510 3655 569 3693 susp.
583 3648 635 3684 suni
648 3643 777 3692 interempti
790 3621 815 3686 ἓ.
826 3643 854 3686 ii.
892 3643 915 3693 u)
929 3645 959 3683 eie
969 3646 991 3694 1;
1007 3644 1123 3684 innumera
1132 3645 1182 3695 815
1197 3645 1356 3686 innumerabili
1369 3645 1421 3692 121,-

303 3697 394 3790 gelmi
403 3707 462 3789 iim
476 3697 529 3738 daia
546 3696 632 3738 infinita
650 3708 697 3747 pao.
714 3694 833 3745 (dederant
850 3695 960 3738 infinitam
978 3698 1094 3747 pecuniam
1109 3698 1141 3748 ii)
1154 3697 1181 3741 Ε.
1194 3697 1225 3741 Μ.
1292 3702 1315 3750 v)
1336 3699 1381 3748 vig.
1393 3699 1422 3740 D.

325 3761 388 3793 eran.
427 3782 432 3793 .

306 3874 332 3942 l)
351 3873 538 3926 liminianam
556 3873 633 3927 VIII.
646 3874 714 3942 (VI)
732 3889 818 3941 aspra
843 3875 950 3929 dicium.
987 3875 1128 3942 Sequentia
1146 3874 1202 3929 loir.
1218 3875 1306 3928 Reae
1322 3891 1343 3930 c.
1359 3876 1459 3939 maa

301 3961 330 4011 p.
349 3945 410 4008 556,
435 3946 484 4012 qm·
507 3945 569 3998 huia
594 3946 647 3998 loco
671 3945 803 3998 nonnulla
828 3945 941 4014 addan,
968 3953 1034 3998 recte
1058 3948 1249 4013 imapreiaius
1266 3953 1320 3999 esi:
1346 3945 1420 3998 unde

305 4015 380 4068 einer
397 4031 453 4068 von
471 4014 660 4086 Hartinbergk
680 4015 753 4070 unde
777 4015 852 4070 einer
875 4033 930 4070 von
949 4015 1076 4083 Snmiirn,
1101 4033 1167 4084 quaa
1185 4019 1293 4070 minime
1314 4017 1351 4069 aci
1368 4015 1421 4070 fra·

304 4091 375 4139 trem
393 4086 525 4139 trahmda
545 4095 616 4143 suni.
705 4088 732 4155 2)
750 4087 792 4152 Os.
813 4089 845 4142 G.
865 4087 983 4140 Landau
1007 4091 1038 4139 ia
1057 4087 1192 4143 aaran.
1212 4089 1237 4143 d.
1252 4089 1283 4143 V.
1302 4089 1325 4152 f.
1346 4088 1421 4142 Here.

306 4157 406 4212 Gessit!
425 4157 477 4222 IX,
500 4177 527 4226 p.
546 4159 600 4213 204
616 4175 682 4226 sqq„
708 4161 757 4226 qui
771 4159 843 4210 bunc
859 4161 1050 4226 pravissimum
1069 4160 1152 4212 lomim
1170 4161 1302 4226 molaria·
1326 4159 1424 4212 Funis-

305 4228 386 4280 asael
408 4231 439 4280 in
465 4229 599 4284 ‘Zeiieoim
625 4229 650 4284 d.
675 4231 704 4284 V.
730 4232 751 4294 t.
775 4229 860 4284 Tiar.
885 4230 984 4284 Gneo!
1003 4230 1054 4296 IV,
1077 4249 1104 4298 p.
1123 4234 1176 4287 210
1192 4247 1231 4298 sq.
1321 4233 1350 4298 3)
1378 4229 1460 4295 Gfiso

305 4299 349 4354 ‘N.
368 4299 481 4352 Archio'
500 4299 583 4366 XXI,
606 4318 636 4368 p.
655 4301 706 4357 iti
725 4316 763 4368 sq.

205 4506 274 4520 Λ
