3266 4852
320 309 374 365 686
719 306 887 362 (momen
905 307 1039 366 MINOR.

322 495 415 554 rum⁸
434 497 602 572 spirituum
625 513 690 554 non
713 497 907 556 sustinentes
930 499 1193 574 inportunitatem
1216 497 1301 554 idem
1324 513 1437 571 corpus

322 585 426 660 Pylati
454 602 474 642 a
504 572 557 642 seb
584 591 786 644 removerunt
815 591 848 644 et
870 585 922 644 in⁰
950 588 1061 645 vicinis
1084 587 1217 662 Alpibus
1243 587 1277 642 in
1299 585 1437 660 quodam

323 678 418 749 puteo
441 663 745 732 submersarum-¹.

428 756 531 820 Anno
555 757 696 821 Domini
718 757 832 821 XLII.
856 757 1006 841 gloriosa
1027 759 1149 841 regina
1171 749 1328 820 mansii·
1347 755 1437 820 exul·

321 844 478 908 tentibus
508 842 662 930 angelis*
689 849 883 931 assumpta⁰
912 849 965 911 est
993 849 1031 910 in
1060 847 1183 923 celum,
1214 867 1304 910 anno
1334 845 1460 910 etatis⁵

323 934 405 1011 eius,
441 937 483 997 ut
516 935 655 1018 quidam
690 937 849 1012 tradunt,
885 935 955 1012 LV,
990 956 1080 1000 anno
1114 957 1195 1000 vero
1227 956 1248 998 a
1281 934 1437 1019 passione

323 1016 484 1086 Dominis
506 1023 570 1086 IX.
595 1023 817 1108 Symbolum⁸
842 1024 886 1088 ab
910 1017 1096 1109 apostolish
1124 1023 1350 1109 compositum
1374 1025 1436 1096 est,

256 1104 480 1205 ma.<tamen¹
511 1115 592 1177 ante
621 1113 890 1207 assumptionem
923 1113 1026 1184 eius).
1071 1123 1227 1207 Mettensi
1254 1141 1334 1206 ewen
1369 1123 1438 1205 lium

322 1193 730 1322 tilitffbmliffii
745 1193 839 1321 itii
856 1201 1030 1322 iiiiii
1053 1197 1475 1332 isitiibiiviiapiiiiffc

322 1353 388 1405 que
416 1335 451 1390 in
478 1353 573 1391 mars
600 1337 781 1406 proiecta,
810 1338 896 1392 maria
923 1338 1024 1392 infecta
1050 1341 1149 1407 sunt,
1177 1341 1212 1392 et
1235 1335 1437 1391 multitudo

321 1406 438 1476 piscium
455 1411 677 1462 mortuaest.

428 1477 511 1531 Anno
523 1477 635 1533 Domini
646 1477 755 1534 XLIIL
775 1477 904 1533 Claudius
917 1479 1061 1549 imperium
1075 1479 1191 1549 adeptus
1203 1483 1244 1534 est
1262 1482 1296 1533 et
1313 1478 1439 1548 regnavit

323 1548 401 1602 annis
427 1547 536 1602 xmo.
571 1549 627 1603 Hic
654 1549 726 1603 filius
750 1549 832 1604 Drusi
858 1551 977 1622 privigni
1002 1551 1155 1621 Angustia,
1183 1551 1250 1619 quit
1272 1549 1434 1604 occisusr

322 1623 390 1688 aput
407 1617 600 1690 Mogumtiarn⁸
623 1620 761 1674 habetse
794 1622 986 1677 uliuramt.
1449 1647 1475 1686 ι)

428 1690 511 1744 Anno
530 1689 642 1746 Domini
660 1691 713 1746 XL
779 1735 784 1748 .
805 1692 961 1761 apostoli**
980 1693 1009 1746 in
1027 1697 1117 1747 totum
1136 1693 1252 1747 orbemu
1268 1691 1349 1746 divisi
1366 1695 1437 1758 aunt,

322 1761 424 1831 [annov
446 1778 462 1814 a
480 1761 605 1830 passione
623 1761 735 1816 Domini
753 1762 821 1830 ΧΠ,
840 1767 871 1817 ut
888 1763 966 1817 Beda
983 1764 1118 1834 scribitii]⁸

429 1832 512 1887 Anno
530 1833 641 1887 Domini
658 1833 748 1889 XLV.
774 1834 878 1903 primus
897 1835 1038 1904 episcopus
1056 1838 1138 1904 post
1155 1833 1302 1888 Petrum
1320 1831 1438 1887 Anthio-

324 1919 384 1974 ehie
411 1920 553 1974 ordinatur
579 1919 710 1977 Evodius.
811 1917 879 1975 Hoc
909 1934 992 1974 anno
1022 1918 1155 1975 Iacobus
1185 1916 1318 1982 maior¹,
1342 1917 1439 1973 irater

323 2002 473 2061 Iohannis
496 2005 707 2080 ewangeliste,
731 2006 868 2063 ereditur
891 2006 1063 2064 decollatus
1090 2007 1129 2064 ab
1153 2006 1278 2064 Herode
1300 2005 1476 2080 Agrippam

322 2093 356 2148 in
383 2091 569 2162 Ierusalem
604 2093 692 2151 cuins
723 2111 835 2170 corpus
865 2111 921 2170 per
949 2096 1181 2171 Hermogenem
1211 2099 1243 2152 et
1268 2094 1437 2162 Philotam,

323 2180 422 2256 ipsius
442 2181 621 2256 discipulos,
645 2184 679 2239 in
694 2183 902 2258 Hyspaniam,
927 2184 982 2241 ubi
1003 2183 1091 2260 ipsey
1111 2185 1197 2259 prius
1213 2185 1437 2259 predicaverat,

323 2273 509 2346 cooperante
532 2271 590 2328 Dei
612 2273 718 2346 gracia
740 2273 930 2330 translatum
953 2263 1097 2331 est²·***.

437 2453 464 2523 *)
486 2454 532 2549 (li
550 2456 630 2511 odi:
648 2454 681 2507 et
703 2451 745 2507 ad
768 2445 829 2508 hoc
852 2452 1032 2508 convocatis
1055 2451 1205 2526 apostolis
1228 2451 1269 2507 ad
1293 2450 1439 2524 exequias

483 2554 560 2594 ems.
1448 2555 1475 2595 ιι

419 2629 464 2696 **)
485 2633 531 2686 02
549 2634 611 2687 ado.
631 2634 657 2688 i.
677 2635 713 2689 i..·
731 2628 911 2702 symbolum
934 2632 1188 2704 composuerunt,
1213 2631 1392 2702 antequam.

401 2701 465 2772 ***)
484 2704 548 2759 Β4.
565 2707 590 2760 5.
608 2707 649 2761 5⁸.
669 2705 721 2759 02
747 2705 793 2758 hoo
820 2705 882 2772 loeo,
907 2707 934 2758 D
958 2723 1045 2775 aspra
1068 2713 1129 2758 anie
1155 2704 1219 2759 Hoc
1244 2721 1314 2758 anno
1342 2705 1371 2770 (i.
1392 2706 1439 2770 19)

483 2793 562 2846 eicis
590 2784 687 2844 Stella
709 2787 793 2845 clara
816 2788 866 2845 die
889 2789 1035 2864 apparuit
1058 2805 1152 2864 super
1174 2805 1287 2864 corpus
1310 2787 1433 2845 iacobi²

482 2875 625 2948 apostoli,
645 2876 772 2949 quando
786 2875 946 2934 ferebatur
968 2879 1001 2933 in
1020 2895 1113 2935 curru
1128 2875 1314 2935 cniusdama
1333 2876 1438 2944 vidue,

482 2963 569 3020 nullo
592 2951 754 3022 minanteb
770 2965 877 3034 boves,
901 2967 1020 3023 amari
1043 2984 1143 3041 usque
1166 2966 1207 3024 ad
1230 2966 1334 3023 locum
1356 2966 1475 3040 quie-w

483 3049 559 3108 tis⁰.
612 3052 704 3110 Unde
734 3042 855 3128 usqued
888 3053 982 3112 hodie
1012 3059 1143 3112 vocatur
1171 3055 1258 3112 locus
1289 3053 1439 3128 Campus-

483 3138 607 3198 stelle⁰.
648 3147 721 3210 Qiioe
738 3165 772 3201 ea·
789 3155 889 3216 quarto
905 3153 1053 3203 recessione
1070 3151 1107 3215 (0
1113 3153 1142 3219 2)
1159 3152 1190 3202 in
1208 3151 1348 3219 archetypo
1366 3149 1438 3203 codd.

482 3219 507 3269 B
517 3219 541 3272 4.
552 3221 577 3274 δ.
588 3221 627 3274 5⁸.
647 3219 675 3270 D
691 3220 812 3286 neppam
829 3226 901 3276 sunt.

257 3309 314 3351 aaa.
591 3289 637 3343 02
651 3297 713 3357 posi
730 3291 793 3343 hacc
810 3292 890 3345 ada.-
914 3290 990 3345 Iste
1007 3290 1133 3345 Herodes
1152 3291 1276 3346 eodem
1295 3306 1385 3344 anno
1404 3291 1438 3344 ab

484 3359 582 3428 angelo
600 3359 762 3429 percutitur,
781 3359 853 3415 VII⁰
871 3378 943 3415 anno
962 3363 1040 3432 regni
1058 3362 1107 3417 sui.
1449 3381 1476 3421 ss

324 3520 345 3566 ιι)
360 3518 505 3568 malignorum
518 3519 549 3560 D.
603 3521 625 3568 b)
639 3531 691 3560 aas
706 3531 748 3561 om.
763 3521 791 3564 D.
844 3523 919 3569 o)om.
933 3521 961 3564 D.
1014 3519 1039 3574 d)
1051 3522 1202 3564 inmerserunt
1216 3524 1259 3564 01.
1318 3521 1355 3571 (ι’)
1370 3523 1440 3563 liar-ia

324 3571 473 3615 aalma&
536 3571 1000 3626 o)lns.eatus.B.D(ass.estD2).
1054 3576 1228 3623 namma
1283 3575 1439 3628 g)Symb.-

324 3635 395 3674 oomp.
410 3628 499 3669 estom.
513 3627 548 3666 08
566 3627 587 3669 ii.
601 3627 616 3670 i.
670 3626 787 3677 h)abap.
802 3639 842 3670 oin.
857 3628 886 3668 D.
927 3629 944 3678 l)
958 3629 1080 3671 unanimi.
1094 3631 1132 3668 ΑΙ
1148 3631 1217 3668 coium
1232 3630 1302 3669 latei.
1344 3629 1368 3677 k)
1383 3630 1439 3669 liam

324 3676 483 3719 stlitem.
551 3680 639 3730 Uliam
653 3680 682 3721 D.
737 3681 968 3730 m)oco.inpal.B.
1022 3681 1046 3728 n)
1060 3694 1111 3722 ven.
1127 3679 1175 3722 dlv.
1189 3683 1218 3722 D.
1279 3683 1383 3730 oixlm
1397 3683 1440 3722 08.

323 3729 348 3783 p)
361 3732 404 3770 tuit
418 3733 469 3775 odii.
482 3732 529 3774 Β4.
582 3735 605 3782 q)
619 3735 659 3782 qui
673 3743 719 3774 ouo.
735 3745 775 3776 om.
789 3734 902 3778 HM.
946 3737 965 3783 r)
980 3739 1013 3774 est
1027 3737 1078 3778 odd,
1092 3736 1139 3785 θὶς
1153 3743 1208 3785 spui
1221 3747 1261 3780 om.
1276 3737 1366 3786 Distu
1380 3737 1439 3787 Aug.
1448 3743 1476 3782 io

324 3785 409 3825 oesiam
431 3791 465 3826 est
482 3787 505 3825 ln
519 3785 645 3837 Moguncia,
662 3788 698 3836 qui
712 3789 744 3836 (et
757 3787 807 3835 Da)
820 3798 865 3830 occ.
880 3791 934 3836 aput
948 3789 1006 3838 Meg.
1021 3789 1088 3840 (ring.
1102 3810 1128 3818 —
1142 3794 1197 3839 aput
1210 3801 1252 3831 om.
1266 3790 1329 3838 D1=;
1349 3791 1439 3839 Mogon-

324 3839 370 3878 ilua
385 3869 391 3881 .
404 3867 409 3881 .
424 3868 429 3881 .
443 3839 594 3889 Mogontlnsm
608 3839 658 3890 Da)
672 3840 700 3880 D.
747 3841 766 3890 a)
780 3841 919 3888 magunciam
933 3843 981 3881 Al.
995 3842 1083 3882 Bm.
1098 3842 1141 3881 01.
1184 3845 1201 3890 i)
1215 3845 1356 3892 sepulchrum
1371 3843 1440 3885 (11.2.

324 3891 348 3940 u)
369 3895 477 3932 terrarum
498 3893 606 3936 adiisti.
673 3895 697 3941 v)
716 3893 955 3937 criminatricem.
1023 3893 1054 3946 ιι)
1075 3897 1164 3946 scripsit
1182 3897 1228 3936 lis.
1244 3897 1287 3936 01.
1355 3898 1379 3944 x)
1399 3907 1440 3938 om.

324 3945 441 3986 limati.
496 3948 519 3997 y)
534 3945 702 3990 om.D1.t⁸·b.
758 3950 777 3994 ι)
791 3947 852 3987 beati
867 3947 911 3987 luc.
927 3947 974 3987 ai.
1036 3947 1301 3996 s)vlduecul.Dl.1⁸.
1355 3949 1440 4000 lapel-

323 3999 383 4039 leute
397 3999 444 4040 Bi.
499 4000 712 4049 adspernamur
733 4001 825 4043 acici.D.
853 4001 867 4040 d
895 3999 958 4052 )om.
971 4001 1020 4041 Di.
1075 4001 1096 4051 e)
1110 4013 1158 4046 roc.
1172 4002 1330 4052 Curnpoatellls
1344 4004 1373 4043 D.
1449 4009 1477 4049 45

326 4141 352 4208 1)
373 4141 446 4194 Hae
465 4157 499 4194 aa
517 4143 675 4194 narratione
699 4157 766 4209 puae
791 4147 900 4194 ematur
918 4143 995 4195 Mors
1012 4143 1105 4210 Pilati,
1130 4143 1313 4212 Tisolsendorf,
1334 4145 1440 4212 Evanp.

324 4212 479 4279 apoorypto
496 4211 534 4267 ed.
547 4213 572 4288 2.
587 4229 617 4279 p.
630 4214 692 4277 458,
709 4214 832 4279 profecta
849 4220 921 4268 suci.
987 4215 1014 4283 2)
1033 4215 1107 4268 Haeo
1123 4232 1157 4267 ex
1180 4216 1287 4270 Transi.
1306 4233 1327 4271 s.
1341 4215 1440 4284 iacobi,

324 4285 391 4334 Aeta
404 4282 452 4338 SS.
466 4283 518 4350 lui.
533 4283 580 4348 Vl,
595 4300 625 4350 p.
640 4285 673 4338 12
684 4299 722 4351 sp.
742 4301 775 4336 ec
790 4291 870 4352 parte
887 4285 965 4336 sclito.
