3186 4844
209 423 376 482 ORONIGA
388 423 417 479 S.
427 421 543 479 Parui
554 421 816 479 ERFORDENSIS
827 421 917 479 MOD.
936 422 971 484 A,
983 425 1166 480 1132-1134.
1205 425 1256 479 169

144 632 194 694 pro
223 633 326 673 rerum
357 613 486 689 negocio
509 614 628 671 ducens
659 614 840 682 exercitum,
864 613 950 670 mille
973 613 1091 670 scilicet
1113 615 1146 669 et
1168 583 1407 692 quin-{sfflpfmh'

143 710 249 782 gentos
272 702 486 761 armatorum⁸
513 706 650 774 tantum,
675 703 732 759 sed
757 703 792 759 in
814 702 949 759 Domino
978 719 1035 776 per
1057 701 1163 758 omnia
1185 715 1256 758 con·

143 795 231 862 fleus;
256 793 340 869 quod
363 795 397 850 et
418 808 522 849 rerum
546 792 691 867 probavit
719 795 862 849 eventus.
909 777 1074 865 Augustab
1102 790 1213 847 civitas
1237 806 1256 845 a

143 881 239 958 regis⁰
267 881 406 939 exercitu
429 881 611 950 destruitur,
635 881 708 956 igne
731 883 898 949 crematur,
921 879 1049 954 plurimi
1072 879 1111 936 de
1134 878 1255 936 civibus

122 972 254 1047 scaptivi
283 971 495 1038 abducuntur,
526 958 693 1045 equidem(l
719 970 816 1045 digna
846 969 923 1026 satis
946 968 1069 1025 ulcione
1096 982 1151 1042 pro
1174 984 1256 1024 com·

143 1062 235 1119 misso
258 1057 405 1117 multati⁰
433 1059 559 1127 scelere,
582 1059 697 1134 quippe
728 1059 782 1134 qui
810 1075 917 1133 regem
940 1058 981 1115 ad
1004 1074 1039 1114 se
1061 1056 1189 1132 pacifice
1211 1056 1256 1112 in-

141 1167 282 1225 gressum
304 1147 462 1223 nichilque
485 1147 700 1222 suspicantem
722 1147 786 1205 tale
812 1147 894 1205 bello
917 1132 1187 1222 presumpserintf
1213 1145 1255 1202 la·

142 1255 269 1297 cessere.
302 1237 385 1294 Hinc
407 1239 532 1294 montes
554 1253 609 1293 rex
631 1237 756 1304 transit,
780 1253 906 1293 omnem
921 1234 1046 1292 Italiam
1070 1251 1126 1291 sue
1142 1234 1256 1292 dicioni
1265 1259 1344 1309 (sm)

142 1326 288 1397 subicitss,
314 1326 388 1383 solis
410 1325 646 1383 Veronensibus
669 1329 702 1382 et
724 1324 1012 1382 Mediolanensibus
1036 1323 1254 1381 renitentibus.

112 1415 175 1474 toln
203 1416 316 1474 eadem
339 1414 539 1490 expedicione
562 1413 727 1472 Heinricus
751 1413 889 1471 marchio
919 1413 958 1470 de
982 1405 1123 1470 Stadonl
1146 1411 1344 1474 occidi-1133.

142 1507 199 1575 tur,
231 1505 288 1562 sed
317 1521 337 1561 a
366 1503 518 1560 militibus
548 1503 615 1560 suis
638 1501 816 1571 Summam,
847 1503 932 1560 unde
960 1501 1111 1558 oriundus
1141 1501 1255 1569 extitit,

141 1593 338 1670 sepeliendus
361 1596 546 1666 reportabit.

244 1680 451 1739 MOXXXIII.
498 1681 564 1738 Rex
586 1669 752 1738 Lithariut
776 1680 909 1737 Romam
936 1679 1120 1755 ingreditur.
1165 1677 1385 1745 Iuno-(space).

140 1773 265 1830 cencius
288 1787 371 1846 papa
393 1770 426 1826 in
450 1771 525 1827 sede
548 1770 718 1845 apostolica
742 1771 928 1838 restituitur,
952 1785 1006 1825 rex
1021 1784 1145 1844 quoque
1164 1768 1203 1825 ab
1220 1784 1256 1825 eo

109 1875 132 1914 a
139 1860 293 1936 imperiali
307 1859 526 1917 benedictione
541 1858 627 1934 apud
638 1857 790 1916 Sanctum
806 1858 980 1915 Iohannem
996 1843 1253 1932 euvangelistam¹¹
1266 1873 1364 1922 (ruat).

139 1949 302 2008 Lateranis
326 1933 557 2006 consecratus¹
580 1949 749 2023 imperator
772 1947 916 2006 efficitur.
954 1947 1049 2004 Hunc
1072 1947 1132 2004 sibi
1153 1946 1257 2004 locum

140 2039 179 2096 ad
202 2037 439 2113 suscipiendam
461 2036 655 2111 imperialem
670 2036 922 2093 benedictionem
945 2053 1000 2093 rex
1021 2036 1142 2093 iudicat
1163 2035 1258 2110 aptis·

140 2129 267 2196 simum,
291 2113 462 2202 quoniamk
488 2129 521 2183 et
549 2125 613 2182 illic
640 2126 729 2200 regni
758 2130 791 2182 et
821 2125 959 2193 ecclesie,
984 2127 1021 2182 ut
1050 2125 1172 2182 cunctis
1196 2141 1257 2182 cer·

139 2217 289 2274 nentibus
318 2215 427 2290 liquet,
451 2218 577 2272 constat
606 2231 675 2271 esse
705 2214 871 2289 palacium,
895 2217 928 2271 et
956 2215 990 2270 in
1019 2213 1157 2270 historiis
1180 2214 1258 2288 prio·

106 2319 210 2362 sorum
240 2309 420 2379 temporum
448 2303 553 2378 plures
582 2303 661 2360 inibi
689 2303 887 2378 reperiuntur
915 2304 1118 2378 imperatores
1153 2319 1258 2359 conse-

139 2395 227 2452 crati.
274 2393 418 2451 Accessit
439 2393 548 2462 eciam,
572 2392 657 2467 quod
679 2391 802 2461 Petrus,
826 2392 880 2467 qui
902 2392 962 2449 sibi
984 2399 1100 2449 nomen
1123 2407 1203 2466 pape
1226 2394 1259 2448 et

140 2483 331 2558 dignitatem
361 2485 578 2556 usurpaverat,
609 2481 773 2538 ecclesiam
803 2481 888 2539 beati
917 2480 1002 2538 Petri
1030 2479 1174 2556 apostoli,
1205 2479 1259 2536 ubi

139 2572 347 2648 imperatores
377 2571 493 2628 nostris
520 2571 715 2645 temporibus
744 2570 888 2628 benedici
917 2572 1162 2638 consueverant,
1186 2585 1259 2626 cum

139 2661 347 2718 multitudine
367 2663 570 2728 armatorum,
594 2676 635 2716 ne
650 2677 704 2716 rex
726 2660 770 2717 ibi
788 2659 1042 2716 benediccionem
1065 2658 1259 2732 imperialem

105 2750 292 2825 ”consequi
316 2752 432 2824 posset,
454 2752 728 2823 preoccupaverat.
767 2747 827 2819 Qui
851 2751 960 2805 tamen
985 2741 1090 2805 'locus
1113 2747 1153 2804 ab
1176 2763 1356 2811 exer-misr.

139 2839 206 2897 citu
238 2839 320 2914 regis
350 2837 442 2895 facile
472 2841 596 2913 poterat
625 2837 806 2912 expugnari.
854 2835 916 2894 Sed
938 2854 994 2894 rex
1016 2837 1087 2912 pius
1110 2836 1170 2894 hoc
1192 2853 1259 2911 pro·

137 2927 245 2986 hibuit
276 2927 352 2995 fleri,
375 2942 417 2983 ne
447 2927 661 2984 destrueretur
690 2926 819 2983 ecclesia
846 2925 930 2983 beati
953 2925 1047 2984 Petri.
1093 2920 1259 2985 thharius

137 3021 250 3074 autem
279 3017 449 3091 imperator
479 3015 621 3083 effectus,
646 3031 718 3072 cum
748 3015 847 3072 Roma
877 3015 1056 3090 digrediens
1079 3016 1121 3072 ad
1143 3015 1258 3083 clusas,

136 3123 200 3181 que
233 3105 275 3162 ad
305 3105 465 3163 civitatem
494 3103 622 3161 Brixam
652 3105 883 3173 transmittunt,
914 3105 1063 3173 venisset,
1098 3105 1259 3162 tirannum
1269 3119 1349 3168 (Aua.)

102 3194 302 3270 toquendam
320 3193 527 3250 Adelbertum
550 3209 623 3250 oum
645 3193 675 3249 X
698 3193 824 3250 milibus
847 3194 1018 3251 transitum
1040 3192 1259 3268 prohibentem

136 3283 250 3340 divina
273 3299 307 3340 se
330 3282 434 3357 gracia
457 3281 628 3339 comitante
651 3282 782 3356 gloriose
806 3283 921 3340 devicit
947 3275 1113 3357 ipsumque
1136 3281 1169 3338 in
1192 3297 1259 3356 pro·

135 3373 206 3447 prio
230 3375 335 3429 castro
358 3370 485 3428 Lodrun
509 3370 604 3438 dicto,
634 3370 708 3428 licet
735 3371 980 3445 inexpugnabili,
1011 3372 1052 3428 ad
1081 3370 1166 3446 quod
1189 3387 1259 3426 con·

135 3461 277 3537 ingerat,
307 3461 400 3535 cepit,
431 3460 593 3534 captivum
623 3459 763 3527 abduxit,
787 3459 893 3534 sicque
923 3458 1006 3516 letus
1033 3477 1105 3516 cum
1129 3459 1195 3516 suis
1218 3457 1259 3515 ad

135 3551 267 3626 propria
289 3549 389 3607 rediit.
470 3535 620 3623 Eclipsisl
643 3548 717 3605 solis
739 3549 824 3605 iacta
846 3552 897 3606 est
911 3546 983 3605 IIII.
1001 3547 1107 3604 Nonas
1123 3547 1259 3623 Augusti
1270 3564 1326 3613 Aua.
1335 3565 1355 3604 s.

99 3639 302 3697 tumediante
325 3637 401 3695 hora
424 3638 486 3695 diei
509 3635 661 3695 octavam.

249 3725 471 3785 MCXXXIIII.
516 3721 772 3788 Ldtharius¹²
810 3727 979 3801 imperator
1011 3693 1341 3812 penthecostenfflffi‘}
1342 3733 1385 3812 15),

135 3911 634 3960 sta01.1tpt.,·tsrm.n.ar111.m
675 3911 698 3960 b)
713 3909 799 3950 Eodem
813 3913 879 3950 Anno
893 3911 988 3960 anast
1026 3914 1046 3960 c)
1060 3911 1161 3951 lotharii
1175 3912 1261 3954 actm.

136 3961 192 4004 zat
206 3967 255 4016 (ubi
268 3965 297 4004 ab
312 3976 347 4008 ex.
359 3977 378 4007 r.
391 3965 432 4014 L.).
473 3965 495 4014 d)
509 3963 636 4013 etquidem
650 3963 684 4007 2¹³.
725 3963 746 4014 e)
761 3965 822 4007 mult.
837 3985 863 3994 —
877 3965 979 4014 permisit
992 3966 1023 4014 (p.
1039 3967 1084 4014 172,
1102 3966 1116 4007 l.
1130 3966 1167 4012 tu)
1181 3977 1221 4006 om.
1235 3965 1261 4007 Ε.

135 4017 392 4068 notet.111.mpt.,·
413 4025 593 4067 presumpserunt
611 4017 668 4061 Μ.
683 4019 733 4059 Bt.
749 4017 836 4060 ΜΠ,
851 4019 902 4066 Psy.
957 4019 981 4068 g)
1001 4019 1031 4056 sic
1045 4019 1071 4057 Β.
1088 4017 1178 4057 ΜΠ.
1193 4018 1260 4067 Emit.

98 4074 207 4122 tqu.,·
228 4073 325 4112 subiecit
338 4075 357 4114 i.
411 4073 434 4118 h)
451 4073 482 4110 sic
497 4071 614 4119 1.Er·1›h.,·
634 4072 754 4120 baptistam
769 4071 797 4109 B.
812 4072 863 4119 Peg.
917 4072 1011 4120 ilsicl.
1026 4072 1058 4118 B,·
1080 4077 1261 4110 consecraturus

136 4127 212 4177 Emis.
269 4125 292 4175 k)
306 4124 356 4174 quio
371 4126 381 4163 1
397 4128 468 4173 (saepe
477 4135 522 4173 pro
536 4125 655 4172 quonism).
709 4125 725 4172 l)
740 4124 847 4173 Eecllpsls
862 4127 880 4167 1.
934 4127 964 4172 m)
978 4130 1022 4166 sto.
1042 4123 1152 4164 Succurre
1166 4125 1261 4174 gloriose

136 4183 218 4220 sancte
233 4179 344 4218 leronlme
358 4178 408 4220 odd.
423 4180 443 4217 1.
498 4181 523 4226 n)
535 4177 567 4216 sic
580 4179 600 4216 i.
615 4179 643 4218 B.
658 4177 745 4220 urm.
761 4177 824 4226 Pm
837 4189 913 4218 nomm
926 4179 982 4217 dam
995 4179 1065 4228 Erpa.

138 4340 166 4408 1)
200 4339 297 4391 Potius
327 4337 467 4390 Cottradm
493 4337 524 4388 ds
551 4337 660 4390 Plozslce
686 4337 807 4390 marchio
833 4338 1061 4406 septemtrionalis.
1104 4339 1144 4402 Cf.
1176 4355 1263 4406 supro

131 4429 164 4479 p.
187 4413 250 4477 166,
277 4409 293 4463 1.
312 4410 356 4464 26.
427 4409 557 4481 2),Immo
570 4409 683 4478 paseha.
