3222 4850
278 271 331 326 208
367 267 701 326 stromensem
712 267 973 324 nRFORDnNSIS
991 267 1081 324 MOD.
1100 269 1135 322 A.
1146 269 1330 324 taos-1211.

110 431 344 548 monhzfflssstu
374 459 498 533 copioso
527 461 607 515 tam
629 458 946 516 Teutonicorum
970 474 1084 532 quam
1108 457 1305 514 Italorum
1328 472 1395 530 pro·

280 563 370 621 spero
403 548 514 604 itinere
543 547 676 604 Romam
705 548 865 622 ingressas
898 547 1025 604 domino
1054 563 1135 621 pape
1169 563 1202 602 se
1237 545 1393 613 exhibuit;

279 652 373 710 quem
396 636 495 694 eciam
518 637 643 711 qualem
667 636 766 694 voluit
788 637 919 705 invenit,
944 636 1062 693 scilicet
1084 635 1127 693 ed
1143 651 1236 692 omne
1258 635 1394 709 proposi-

278 728 348 782 tum
379 741 472 782 suum
502 729 541 781 et
570 723 694 782 facilem
724 728 757 782 et
784 729 976 800 promptum.
1023 725 1250 782 Verumtamen
1272 723 1394 780 domi-

279 830 353 870 nus
375 829 458 888 papa
474 812 513 869 de
529 813 728 887 quibusdam,
753 830 886 888 quorum
910 814 1071 871 occasione
1093 815 1158 870 iam
1176 812 1298 888 pridem
1313 813 1396 868 inter
1414 829 1428 868 s

278 919 411 976 regnum
440 905 473 958 et
502 902 717 960 sacerdocium
745 919 810 960 non
840 903 952 971 semel,
982 902 1039 960 sed
1073 902 1188 976 pluries
1223 901 1395 974 perniciose

279 991 491 1048 dissensiones
514 995 716 1060 emerserant,
739 1009 759 1048 a
781 1008 863 1066 rege,
887 992 1070 1066 priusquam
1100 992 1128 1047 ei
1151 1007 1282 1047 manum
1304 989 1394 1046 bene·

279 1079 424 1136 dictionis
447 1080 631 1154 imponeret,
656 1081 856 1138 securitatem
880 1080 939 1138 sibi
961 1081 1094 1154 prestari
1109 1079 1290 1154 postulavit.
1330 1078 1396 1135 Rex

278 1185 352 1226 vero
379 1169 421 1226 ad
450 1169 601 1243 propositi
630 1170 679 1226 sui
708 1171 983 1226 consumacionem
1011 1168 1176 1237 festinans,
1208 1168 1247 1224 de
1271 1167 1395 1242 quibus·

278 1273 413 1333 cumque
447 1261 480 1314 et
510 1258 777 1333 qualitercumque
807 1259 985 1332 postulatus
1019 1257 1137 1326 inerat,
1171 1256 1394 1332 promittendo,
1406 1273 1433 1312 10

278 1346 374 1404 fidem
405 1346 520 1414 dando,
549 1347 681 1404 iurando
712 1347 913 1404 securitatem
942 1349 1082 1420 prestare
1111 1363 1176 1403 nou
1205 1345 1338 1414 distulit,
1363 1349 1395 1402 et

279 1435 324 1492 sic
353 1434 438 1510 quod
467 1435 637 1493 affectabat
666 1436 710 1492 ad
736 1436 884 1492 effectum
914 1452 1013 1510 usque
1047 1435 1202 1510 perduxit
1250 1435 1394 1490 Proxima

174 1525 374 1598 saussignac
397 1523 555 1582 dominica
576 1527 650 1580 ante
671 1524 791 1582 festum
813 1524 975 1582 Michaelis
997 1541 1070 1582 cum
1093 1524 1195 1581 multa
1216 1522 1396 1582 celebritate

279 1613 352 1670 cleri
382 1629 426 1670 ao
455 1613 572 1687 populi,
603 1613 780 1688 pn'ncipum
809 1618 842 1670 et
870 1613 1024 1670 baronum
1051 1614 1085 1670 in
1107 1613 1240 1671 ecclesia
1262 1612 1396 1668 sancti

278 1701 363 1760 Petri
386 1718 439 1758 rex
455 1699 551 1759 Otto
568 1701 726 1776 'imperiali
749 1701 965 1760 benedictione
988 1706 1136 1777 percepta
1157 1702 1290 1777 gloriose
1313 1715 1432 1758 coro-1⁶

279 1794 375 1848 natus
404 1794 462 1848 est.
508 1790 580 1848 Huc
609 1808 708 1867 usque
736 1791 842 1848 omnia
865 1789 994 1866 optato⁸
1020 1807 1187 1848 successu
1221 1805 1396 1865 processe·

279 1883 366 1947 rant,
396 1879 523 1947 abhinc,
554 1880 638 1954 quod
668 1880 701 1936 in
730 1879 823 1937 rebus
853 1880 1001 1937 humanis
1030 1879 1123 1936 valde
1152 1879 1306 1936 usitatum
1335 1881 1394 1946 est,

141 1968 373 2041 araaslonge
403 1967 493 2024 aliter
516 1984 610 2042 quam
637 1969 822 2043 sperabatur
845 1970 959 2027 evenit.
1009 1967 1196 2027 Obscuratam
1219 1971 1260 2025 est
1282 1984 1395 2035 aarum,

280 2059 406 2113 mutatus
440 2059 480 2114 est
509 2055 586 2114 color
615 2057 746 2130 optimus.
793 2057 874 2114 Nam
904 2058 1073 2132 imperator
1106 2074 1170 2114 non
1204 2057 1306 2114 solum
1339 2073 1395 2112 sue

281 2145 403 2212 salutis,
426 2162 536 2202 verum
566 2146 666 2202 eciam
694 2145 832 2204 humane
861 2147 1049 2204 verecundie
1079 2146 1173 2202 nimis
1195 2145 1433 2220 impudenterso

281 2233 407 2303 oblitus,
431 2235 592 2308 promissis
622 2250 686 2291 non
716 2236 814 2303 stetit,
837 2235 967 2293 violavit
996 2235 1092 2292 fidem
1121 2239 1153 2292 et
1182 2234 1223 2291 ad
1246 2251 1303 2291 sue
1326 2250 1395 2290 con·

280 2321 413 2380 fusionis
437 2323 600 2380 cumulum
623 2310 780 2400 peierareh
799 2341 857 2381 nec
872 2325 991 2382 veritus
1010 2327 1060 2381 est
1081 2339 1139 2382 nec
1155 2321 1394 2381 verecundatus.

281 2411 509 2470 Verumtamen
538 2412 684 2469 domiuus
714 2429 795 2488 papa
825 2413 960 2470 iudicem
984 2412 1186 2470 dissimulans
1216 2415 1248 2469 et
1274 2415 1396 2486 patrem

281 2501 431 2558 exhibens
453 2515 519 2558 non
540 2501 645 2575 potnit
667 2518 732 2558 non
754 2501 858 2559 dolere
882 2518 976 2576 super
997 2501 1199 2577 delinquente
1221 2499 1294 2568 filio,
1321 2498 1397 2556 iecit

282 2589 365 2664 quod
387 2589 500 2664 potuit,
524 2590 657 2659 monuit,
680 2591 848 2660 consuluit,
872 2593 1030 2666 postremo
1057 2589 1116 2646 sub
1139 2589 1433 2646 interminacioness

181 2672 646 2746 ‘r.1ss¹.'excommunicacionis,
676 2682 713 2736 ut
741 2679 950 2754 resipisceret,
980 2678 1103 2736 indixit.
1152 2677 1295 2735 Tandem
1324 2680 1397 2751 post

281 2767 526 2824 ammoniciones
542 2770 690 2842 paternas
705 2784 770 2826 non
784 2768 1028 2843 resipiscentem,
1046 2767 1102 2824 sed
1118 2766 1157 2824 de
1173 2767 1223 2824 die
1238 2767 1272 2823 in
1287 2763 1390 2823 diem⁰

282 2854 436 2914 deteriora
465 2860 709 2930 presumentem,
733 2873 806 2914 cum
835 2873 873 2914 ex
902 2855 1157 2931 contingentibus
1187 2855 1283 2912 nichil
1312 2862 1397 2912 esset

282 2944 444 3012 omissum,
468 2947 545 3001 tnnc
568 2944 697 3002 demum
719 2945 803 3002 iusto
825 2945 940 3003 iudicio
969 2945 1059 3021 qnasi
1088 2945 1211 3001 aridum
1235 2947 1268 3001 et
1289 2943 1396 3018 depra-

280 3036 392 3090 vatum
414 3032 591 3089 membrum
614 3033 654 3090 ab
677 3033 798 3090 unitate
822 3035 957 3109 corporis
980 3033 1108 3092 ecclesie
1131 3049 1195 3090 non
1219 3033 1286 3090 sine
1309 3031 1434 3107 gravies

282 3121 387 3180 dolore
410 3121 567 3198 prescidit

195 3206 272 3259 1210·
387 3209 512 3270 MCCX.
558 3210 701 3286 Hyemps
730 3211 823 3280 dura,
853 3211 972 3286 prolixa
1006 3215 1039 3268 et
1067 3210 1270 3268 intolerabilis
1305 3209 1396 3268 valde

282 3299 380 3368 iuit,
403 3300 449 3357 ita
471 3303 508 3357 ut
522 3301 662 3357 veterani
684 3300 827 3358 homines
850 3301 1041 3358 unanimiter
1063 3302 1255 3357 testarentur
1273 3302 1397 3356 tantam

282 3388 405 3464 frigoris
427 3389 708 3464 intemperanciam
731 3407 789 3447 sua
812 3390 1027 3447 recordacione
1050 3405 1114 3446 non
1137 3387 1244 3445 tuisse.
1291 3387 1397 3444 Homi-

282 3494 339 3534 nes
363 3479 578 3554 quamplures
594 3479 690 3536 nimio
706 3479 779 3554 gelu
801 3479 917 3536 mortui
936 3482 1021 3547 sunt,
1045 3493 1157 3553 pecora
1180 3480 1212 3534 et
1235 3493 1309 3551 apes
1333 3465 1393 3532 in‘1
1407 3495 1433 3536 ss

282 3583 425 3641 magna
448 3569 562 3641 parte
585 3568 753 3642 perierunt.
799 3567 898 3626 Vince
922 3571 954 3625 et
976 3583 1094 3624 annoso
1117 3566 1242 3623 arbores
1265 3565 1311 3622 ita
1332 3565 1397 3622 lese

283 3659 368 3724 sunt,
393 3659 551 3731 utusque
574 3656 616 3713 ad
638 3658 718 3713 imas
741 3657 861 3714 radices
885 3660 1069 3714 arescerent.

196 3739 273 3793 1211·
389 3741 529 3802 MCGXI.
560 3745 674 3820 Elapso
689 3749 839 3820 tempore,
863 3761 936 3802 cum
950 3743 1223 3801 innumerabilia
1245 3741 1398 3800 bellorum

284 3835 378 3906 atque
408 3833 636 3890 adversitatum
659 3835 820 3891 volumina
849 3835 1013 3891 undisonis
1043 3833 1196 3908 pressuris
1219 3836 1252 3889 ct
1274 3831 1397 3889 calami·

154 3921 403 3980 incantantibus
426 3921 580 3978 citharam
603 3926 744 3979 nostram
766 3923 799 3980 in
822 3923 943 3981 luctum
966 3927 998 3980 et
1021 3938 1173 3997 organum
1195 3921 1229 3977 in
1251 3920 1434 3995 ploracio-io

283 4026 357 4066 nem
373 4010 552 4068 miseranda
566 4010 723 4069 alteritate
739 4011 967 4082 demutassent,
991 4011 1146 4087 principes
1167 4009 1298 4085 regni,
1323 4009 1398 4066 sci·

177 4103 180 4110 ’
283 4098 383 4156 licet
413 4116 467 4157 rex
489 4099 625 4168 Boemie,
654 4099 877 4176 archiepiscopi
905 4100 1108 4175 Mogontinus
1138 4103 1171 4157 et
1193 4097 1398 4173 Magadabur·

283 4265 526 4317 a)optstal;optsm
540 4265 586 4308 ΕΙ.
640 4266 779 4316 mpsiorars
795 4267 854 4310 Η.
908 4263 1071 4318 optemus
1087 4268 1105 4310 1.
1158 4263 1315 4315 dJstHI.
