3222 4856
208 461 375 518 cRoNIoA
388 461 416 519 S.
426 461 543 518 PETRI
555 461 817 521 uuuouuuuffls
829 463 919 524 MOD.
938 464 973 520 A.
984 468 1062 522 1267.
1073 469 1150 524 laos.
1197 469 1251 524 259

127 654 287 710 Lazarum
303 651 535 723 resuscitavit⁸;
553 653 716 722 Bethania,
734 655 788 712 ubi
803 655 958 712 Dominus
976 671 1049 712 cum
1064 655 1189 712 Martha
1204 673 1250 714 oe·

129 743 232 810 navit,
240 742 295 799 ubi
302 741 456 799 Dominus
464 741 505 798 ad
517 743 599 800 celos
607 743 759 812 ascendit,
767 743 882 801 relictis
891 744 1032 818 vestigiis
1044 745 1078 800 in
1084 761 1248 802 marmore.

128 831 255 888 Deinde
273 831 336 888 itur
353 831 387 888 in
404 830 577 900 Bethleem,
598 832 651 889 ubi
672 833 826 890 Dominus
847 836 941 890 natus
957 831 1019 889 init
1034 832 1073 890 de
1089 850 1177 891 saera
1192 835 1250 890 rir-

128 921 222 994 gine;
248 919 361 977 deinde
378 921 412 976 in
430 920 545 977 vallem
567 920 726 996 iosaphat,
751 921 805 980 ubi
828 907 1048 996 sepulchrumb
1069 925 1177 979 sancte
1192 922 1251 979 Dei

90 1027 109 1066 ιι
128 1008 292 1083 genitricis
316 1009 453 1066 cernitur
474 1026 627 1078 vacuum
651 1007 744 1066 inde⁰
771 1009 813 1066 ad
839 1013 1010 1068 torrentem
1034 1008 1166 1079 Gedron,
1197 1010 1251 1067 ubi

136 1097 294 1154 Dominus
309 1097 419 1165 oravit,
435 1087 593 1155 traditus‘l
608 1099 724 1168 osculo,
741 1101 852 1174 captus
869 1101 901 1156 et
915 1098 1031 1174 ligatus
1047 1097 1118 1168 ruit,
1142 1115 1250 1156 aurem

129 1185 258 1242 Malcho
292 1185 444 1254 restituit,
475 1186 529 1243 ubi
558 1187 712 1244 Dominus
747 1187 781 1244 in
814 1187 985 1244 novissimo
1020 1187 1070 1244 die
1099 1188 1250 1245 iudicium

127 1274 237 1333 faciet.
260 1273 415 1332 Dominus
431 1273 552 1332 sedebit
567 1276 608 1332 ad
622 1276 774 1333 iudicium
789 1292 853 1333 non
868 1277 901 1332 in
916 1279 1008 1344 terra,
1025 1276 1082 1333 sed
1097 1276 1131 1332 in
1147 1277 1251 1351 spacio

127 1363 227 1421 huius
251 1363 330 1419 aeris
346 1367 455 1420 contra
470 1363 574 1421 locum
589 1365 707 1422 montis
723 1363 849 1432 Oliveti,
873 1364 926 1421 ubi
943 1365 1085 1422 ascendit
1101 1365 1142 1421 ad
1157 1365 1248 1422 celos.
1262 1415 1279 1454 0
1305 1416 1337 1454 m

87 1453 118 1492 ro
239 1438 323 1493 Anno
341 1439 452 1493 Domini
469 1439 704 1496 notumne
733 1459 864 1512 magnum
890 1440 942 1494 luit
966 1442 1070 1494 bellum
1096 1440 1124 1494 in
1145 1441 1248 1494 Italiai
1261 1427 1321 1511 σξη),
1330 1428 1359 1508 1³¹·

127 1511 206 1564 inter
217 1507 395 1566 Cinradumt
411 1515 439 1564 ct
457 1509 591 1565 Karolum
609 1529 716 1582 reges,
734 1513 773 1566 ita
791 1511 864 1581 quod
883 1511 998 1580 amplius
1015 1529 1097 1580 quam
1116 1529 1163 1566 sex
1176 1512 1252 1566 milia

128 1582 273 1650 utriusque
291 1582 377 1651 partis
395 1580 503 1636 occisah
524 1587 595 1638 sunt.
667 1582 769 1652 Ipso¹
795 1600 885 1636 anno
904 1586 1085 1636 terremotus
1104 1601 1251 1665 magnus

127 1653 159 1706 in
179 1653 274 1706 Padua
292 1657 320 1707 et
337 1651 447 1707 Vienna
464 1653 524 1714 fuit,
631 1652 763 1708 Eodem
782 1671 873 1707 anno
892 1653 1050 1708 Iohannesk
1070 1653 1191 1707 marchio
1217 1653 1250 1707 de

128 1723 326 1778 Brandeburcl
352 1723 380 1777 in
406 1728 595 1778 torneamento
621 1725 693 1793 apud
711 1723 873 1795 Merseburg
896 1741 958 1778 cum
983 1725 1076 1779 lancea
1101 1725 1251 1779 misera·

90 1795 295 1849 ubiliterm
314 1797 354 1848 est
373 1795 483 1850 occisus.
520 1794 605 1865 Ipso
630 1795 674 1849 die
697 1796 842 1850 redeuntes
867 1795 901 1849 de
920 1795 1043 1849 eodem
1062 1799 1251 1850 torneamento

129 1866 318 1920 Theodericus
344 1865 480 1934 prefectus
505 1866 539 1919 de
564 1865 720 1936 Kirchberg
744 1867 774 1920 in
798 1865 862 1920 Sala
887 1884 903 1920 a
923 1866 960 1919 ud
984 1865 1161 1937 Nuweuburg
1189 1885 1251 1920 cum

128 1937 219 1991 tribus
238 1937 379 2008 armigeris
397 1936 589 1992 miserabiliter
606 1939 760 1992 submersus
778 1942 826 1992 est.
899 1884 981 2006 ipso
1004 1949 1115 1990 annon
1137 1937 1251 1991 eciam

128 2008 326 2062 marchionissa
343 2007 439 2076 Agnes
457 2007 491 2061 de
509 2007 620 2062 Misna0
637 2008 705 2062 vidit
724 2009 753 2062 in
771 2009 872 2062 somnis
891 2009 1019 2077 angelum
1037 2008 1087 2062 Dei
1105 2009 1251 2077 propinare

6 2123 7 2138 ,
130 2079 184 2132 sibi
202 2079 232 2131 in
251 2079 331 2147 cipho
350 2095 441 2145 aureo,
460 2083 488 2132 et
513 2097 576 2133 cum
598 2079 719 2148 bibisset,
744 2079 803 2150 ipsa
829 2079 912 2136 dixit:
941 2079 1021 2146 ‘Heu‚
1043 2097 1125 2148 quam
1143 2097 1251 2133 amarus

6 2161 7 2194 1
89 2150 243 2219 sopotusl’
280 2148 331 2202 Oui
349 2149 509 2218 respondite
531 2151 659 2220 angelus:
679 2151 791 2204 ‘Amara
810 2151 862 2204 erit
880 2149 959 2218 pooio
977 2154 1033 2218 tus,
1052 2150 1100 2203 sed
1118 2149 1250 2204 Dominus

6 2227 159 2286 “nocete
186 2238 243 2274 non
269 2220 469 2288 derelinquet';
495 2223 523 2274 et
547 2221 599 2275 sio
622 2221 651 2274 in
669 2222 747 2275 brevi
765 2226 910 2290 tempores
932 2220 992 2290 ipsa
1008 2225 1104 2290 postea
1122 2221 1251 2275 defuncta

130 2297 181 2347 est.
290 2291 366 2345 Hoc
385 2291 518 2344 eciamr
541 2293 646 2345 *anno
664 2293 751 2346 multe
768 2309 852 2346 naves
870 2291 1011 2361 perierunt
1029 2292 1057 2345 in
1075 2292 1163 2346 mari·
1188 2309 1250 2345 cum

129 2363 270 2431 allecibus,
289 2365 317 2415 et
334 2363 363 2415 in
389 2367 501 2431 captura
519 2363 673 2416 allecum
692 2367 751 2417 orta
777 2363 913 2418 sedicione
931 2363 1012 2417 multi
1030 2361 1151 2417 Saxones
1170 2363 1251 2417 occisi

129 2437 202 2488 suut.
310 2431 462 2487 uodemt
493 2449 584 2487 anno
612 2434 723 2502 quidam
750 2435 855 2488 nobiles
885 2433 1044 2504 cougregati
1074 2437 1157 2487 sunt
1187 2451 1248 2488 cum

90 2503 308 2558 amaltrudis
332 2503 520 2570 ‘armatorum
546 2505 668 2558 volentes
694 2510 828 2559 nocturno
854 2507 978 2574 tempore
1004 2504 1142 2558 civitatem
1171 2503 1249 2558 Colo·
1261 2513 1288 2560 *t
1297 2513 1342 2554 17?-

129 2578 288 2630 niensem
313 2591 418 2644 capere,
444 2573 492 2628 sed
510 2591 526 2628 a
544 2575 647 2629 civibus
671 2575 722 2644 ipsi
748 2577 829 2645 capti,
848 2580 876 2629 et
893 2575 1006 2644 plurimi
1023 2575 1161 2629 interlecti
1179 2581 1249 2643 sunt,

130 2648 204 2700 inter
222 2663 290 2715 quos
309 2663 399 2700 comes
418 2645 452 2700 de
470 2645 666 2716 Wallreuberg,
689 2661 835 2717 germanus
860 2646 1024 2712 archiepisco
1044 2646 1054 2698 i
1073 2645 1249 2714 Coloniensis,

128 2718 222 2772 subito
249 2717 353 2771 occisus
380 2721 428 2772 est.
535 2717 608 2770 Item
635 2718 713 2786 ipso
736 2721 900 2786 tempore
926 2713 999 2771 Ofinr
1036 2735 1066 2770 us
1091 2734 1140 2770 rex
1166 2717 1249 2771 Terre

129 2788 241 2857 Sancte,
269 2789 315 2858 qui
343 2787 395 2842 luit
422 2788 509 2842 eciam
537 2788 592 2842 dux
615 2787 723 2857 Suesia,
748 2793 843 2858 captus
871 2793 925 2842 est
951 2788 981 2842 in
1005 2786 1116 2858 Apulia,
1141 2787 1249 2858 quando

87 2873 247 2930 teregnum
273 2859 366 2914 Sicilie
391 2863 521 2927 tanquam
546 2860 741 2928 patrimonium
765 2877 844 2914 suum
869 2863 1005 2928 repeteret
1030 2863 1134 2912 murata
1158 2877 1249 2926 manu,

127 2949 193 2986 cum
220 2929 361 2984 Fhiderico
386 2929 456 2984 duce
481 2929 571 2984 Siris¹¹
595 2934 623 2984 et
648 2947 709 2984 cum
735 2931 836 2985 oomite
854 2929 954 2985 Pisano
980 2935 1087 2984 etcum
1106 2930 1249 2999 plurimis

127 3003 190 3056 aliis
218 3019 235 3054 a
259 3019 325 3071 rege
350 3000 455 3054 Karolo
481 3001 587 3055 Gallico
613 3001 749 3055 inmatura
773 3006 863 3056 morta
888 3002 1023 3071 capitibus
1048 3001 1250 3056 sentencialiter

146 3073 207 3126 uari
225 3073 345 3126 latrones
363 3071 482 3126 truncati
494 3075 564 3126 sunt.
592 3071 699 3126 Prius
717 3076 809 3126 tamen
822 3072 929 3126 cuidam
948 3073 983 3126 da
1001 3071 1096 3126 ordine
1108 3071 1249 3125 Minorum

173 3148 262 3196 trum
287 3141 390 3212 pluries
415 3143 530 3197 confessi
555 3147 618 3196 sunt
643 3148 671 3196 et
695 3143 788 3197 audita
812 3145 892 3197 missa
917 3159 1025 3197 sacrum
1050 3147 1249 3197 sacramentum

85 3213 262 3269 sodominici
285 3214 404 3283 corporis
432 3217 602 3281 acceperunt.
639 3213 755 3284 Insuper
782 3214 888 3284 agenda
911 3218 1081 3268 mortuorum
1107 3231 1157 3282 pro
1185 3213 1249 3282 ipsis

126 3286 276 3355 completa,
302 3285 359 3354 ipse
384 3301 447 3338 rex
466 3281 607 3339 (linradus
632 3285 701 3338 dixit
725 3286 859 3355 spatario:
885 3284 1011 3354 ‘ignosco
1036 3284 1094 3352 tibi,
1114 3283 1186 3352 quod
1205 3301 1248 3337 me

126 3356 250 3424 occidis',
275 3361 391 3425 terque
415 3355 532 3426 figuram
558 3355 693 3409 dominice
723 3356 810 3410 crucis
839 3355 952 3422 iaciens,
978 3356 1141 3408 extentis
1169 3356 1248 3408 bra·

126 3427 227 3482 chiis
252 3444 362 3496 super
386 3431 534 3494 terram,
560 3427 599 3480 sic
624 3445 687 3480 cum
711 3427 841 3496 predictis
865 3426 1001 3480 nobilibus
1026 3425 1175 3479 decollatus
1201 3429 1248 3479 est.

126 3499 215 3569 Ipso
242 3498 355 3553 eciam
380 3502 542 3567 tempore
566 3514 639 3566 papa
664 3497 790 3552 Clemens
814 3495 886 3551 1111.
908 3497 936 3551 iu
955 3496 1080 3550 Vitervio
1106 3495 1249 3550 defunctus

84 3591 179 3646 coest.
292 3573 369 3639 Hoc
400 3575 528 3640 eciamr
555 3595 646 3639 anno
676 3575 907 3638 firmissimum
930 3577 1079 3638 castrum
1103 3572 1249 3636 Statim·
1260 3584 1336 3638 1268.

127 3664 245 3728 heimv
265 3684 370 3747 prope
387 3663 615 3748 Erphordiam
633 3663 749 3728 valida
771 3685 876 3727 manu
899 3663 942 3727 ab
966 3662 1093 3726 eisdem
1118 3661 1249 3725 civibus

127 3751 175 3816 ad
198 3751 311 3816 solum
333 3771 441 3835 usque
464 3753 679 3817 destructum
702 3749 817 3817 est¹·*.

6 905 8 1028 ἰ

237 3907 264 3974 *l
284 3907 395 3960 mireo
411 3909 576 3976 mmmm
593 3915 640 3974 (-
654 3925 685 3975 p.
703 3909 765 3973 262,
784 3909 801 3962 l.
818 3909 866 3968 41)
884 3908 912 3959 E
927 3906 1006 3960 odd:
1024 3897 1143 3956 Eodem
1166 3913 1249 3954 anno

127 4031 151 4084 a)
166 4041 230 4081 susc„
245 4031 320 4070 eadem
334 4041 401 4070 manu
414 4041 471 4074 corr.
485 4041 565 4074 rerum
581 4033 600 4080 1,
615 4035 634 4070 et
648 4033 680 4070 lta
694 4031 719 4072 E.
780 4032 803 4078 b)
817 4042 860 4071 om.
875 4031 900 4073 Ε,
968 4032 989 4077 c)
1002 4029 1088 4070 Deinde
1101 4029 1127 4072 Ε,
1190 4029 1212 4076 d)
1227 4033 1248 4067 ot

85 4085 227 4127 &madriu
241 4085 267 4127 Ε,
321 4083 343 4135 ιι)
357 4083 591 4126 hutlccouxxtuo
606 4085 633 4129 Ε,
688 4085 795 4132 oYtalla
807 4084 833 4127 E.
887 4084 911 4134 g)
925 4083 995 4134 (tnnrr
1009 4083 1131 4132 Eaemper.
1176 4081 1199 4130 h)
1214 4091 1249 4120 oe-

125 4139 169 4179 clal
183 4139 208 4180 Ε.
273 4137 289 4188 l)
310 4138 362 4187 Ipso
375 4158 402 4168 --
415 4135 520 4178 defuncta
535 4143 570 4178 ast
589 4138 616 4185 (l.
629 4138 666 4188 21)
688 4149 729 4180 om.
743 4137 768 4180 Ε.
836 4137 860 4188 lr)
881 4139 975 4177 Ioannes
989 4135 1048 4176 Μ.
1116 4136 1132 4184 Ι)
1149 4131 1247 4174 Brande·

126 4191 201 4232 burck
215 4191 254 4241 2⁸3
276 4191 440 4241 Brundenburg
454 4190 486 4234 th.
546 4191 577 4242 m)
590 4203 631 4234 om.
645 4191 702 4233 ΞΜ.
763 4193 786 4239 ιι)
801 4201 842 4233 om.
857 4191 892 4240 2·;
914 4191 981 4230 edum
996 4199 1055 4229 anno
1068 4187 1101 4229 ib.
1160 4191 1182 4236 ο)
1196 4188 1247 4226 hils-

124 4246 167 4286 nin
181 4244 215 4286 ib.
275 4247 299 4294 p)
312 4244 344 4283 alc
357 4243 407 4282 Μ
422 4255 469 4283 cum
483 4245 548 4287 Oros.
563 4245 629 4290 hila:
648 4242 767 4294 respondet
781 4247 800 4287 1.
867 4246 890 4292 q)
904 4243 935 4284 alc
949 4243 1014 4283 brevi
1027 4243 1049 4281 ln
1063 4247 1141 4291 postea
1155 4239 1248 4290 deus-3

124 4301 160 4338 sle
175 4298 239 4338 brevi
253 4302 305 4348 post
318 4297 362 4339 dst'.
377 4296 410 4340 th.
453 4297 472 4346 r)
482 4295 567 4337 Eodem
577 4299 603 4340 D.
652 4302 672 4347 ι)
680 4299 711 4338 ric
720 4298 752 4343 Ε)
765 4299 789 4336 in
803 4309 831 4340 m,
845 4309 885 4339 om.
897 4301 914 4340 1.
962 4299 979 4344 t)
988 4293 1205 4337 nou-demnatus
1216 4301 1249 4334 est

80 4352 201 4400 nuato)
217 4351 293 4394 omit.
335 4351 527 4398 u)elcl.Lr111.
541 4351 711 4402 R(Syrie)pro
725 4351 804 4402 stirla;
821 4361 863 4390 von
877 4351 942 4392 siren
956 4351 978 4392 G.
1019 4347 1042 4400 ι)
1055 4348 1210 4398 Steternheym
1224 4348 1249 4388 Ε.

125 4477 156 4545 1)
172 4475 214 4540 Cf.
226 4475 319 4540 Beyer,
333 4475 401 4530 (ΠΒ.
414 4475 440 4530 d.
454 4476 493 4529 St.
504 4475 620 4539 Erfurt'
633 4475 657 4540 I,
672 4493 701 4543 p.
713 4478 837 4543 1442qq,
849 4492 892 4528 nr.
905 4475 966 4529 228.
980 4475 1039 4528 231.
1053 4474 1114 4538 234,
1131 4489 1156 4525 o.
1172 4473 1248 4526 1269.

772 4588 783 4604 ·
986 4559 1038 4616 17*
