3266 4852
336 337 389 392 508
735 331 904 387 GRONIOA
922 330 1057 387 MINOR.

337 515 430 582 uenit.
478 515 612 579 Nullum
642 515 825 596 scriptorem
855 513 937 593 uooi,
968 513 1024 595 qni
1053 514 1137 578 banc
1166 511 1376 577 recensionem
1406 533 1454 577 ec-

337 603 508 685 scripserit
526 609 555 668 et
569 624 638 668 cum
652 625 752 668 unum
770 609 892 668 tantum
907 602 975 667 eius
989 602 1106 667 librum
1120 602 1300 681 habeamus,
1323 608 1456 683 apparet

337 693 462 776 quidem
491 692 575 756 lianc
603 691 697 756 etiam
726 691 938 756 recensionem
963 691 1001 754 in
1024 691 1186 772 publicum
1209 691 1357 755 emissam
1379 711 1453 771 esse,

337 789 507 862 antequam
534 780 792 845 Continuotionis
815 781 845 844 Ι.
873 801 953 861 pars
976 779 1028 844 II.
1054 784 1338 844 α.1268-1272.
1363 780 1455 843 adde-

337 877 433 950 retur,
450 870 505 934 sed
519 890 584 934 non
598 869 635 934 in
650 871 750 934 multa
765 869 960 951 eaernplarlo
972 867 1215 949 transsumptam
1230 889 1303 932 esse.
1335 867 1456 934 Unicus
1471 887 1484 928 c

338 959 406 1023 eires
429 961 523 1023 codsn
545 957 601 1038 arci
623 964 725 1023 exstat
746 964 792 1022 est

448 1044 527 1126 01)
567 1046 833 1112 Mellicensis
869 1045 1056 1111 monostemi
1090 1044 1284 1110 celeberrimi
1317 1046 1358 1109 H
1382 1045 1453 1126 591,

338 1136 475 1217 membr,
505 1135 629 1215 formae
658 1138 835 1217 qrradrotoe
863 1135 1009 1215 minoris,
1041 1139 1082 1198 80
1105 1133 1188 1213 solia
1210 1140 1387 1214 numerata,
1418 1133 1454 1197 in

339 1225 432 1290 binos
451 1225 611 1289 columnus
627 1223 741 1304 diuiso,
766 1231 795 1289 et
810 1246 910 1288 unum
925 1223 976 1288 bis
993 1225 1186 1304 praedarum,
1210 1243 1275 1286 non
1294 1222 1453 1303 scriptum,

338 1313 510 1394 continens,
540 1335 608 1376 nna
637 1334 736 1377 mauu
765 1334 845 1377 saec.
865 1313 967 1376 XIV.
994 1309 1082 1388 (ante
1105 1333 1134 1376 a.
1156 1313 1256 1395 1350)
1287 1311 1388 1376 nitide
1418 1331 1456 1376 uc
1466 1333 1491 1372 10

338 1401 514 1484 dilipenter,
539 1403 594 1466 sed
610 1401 844 1482 aliquantulum
866 1401 1046 1465 mendosius
1061 1399 1205 1481 comptus.
1240 1400 1281 1464 F.
1303 1395 1453 1464 11-21.

337 1492 512 1572 cotolopum
521 1489 730 1571 pontificum²
745 1496 775 1554 et
788 1491 812 1570 f.
827 1487 977 1554 'id—3⁰.
994 1489 1248 1570 imperatorumss,
1266 1483 1453 1568 fi30—4d.

336 1579 512 1644 indiculum
523 1578 754 1660 episcopatuum
762 1581 784 1660 ⁴,
796 1600 886 1660 quem
901 1585 1012 1643 auctor
1022 1577 1176 1643 Cronium
1187 1576 1334 1641 Minoris
1345 1575 1456 1659 lepisse

336 1668 460 1732 indetur
469 1670 489 1748 ⁵,
514 1662 724 1747 fid—11¹³.
749 1669 930 1748 mruscmum
959 1668 997 1731 de
1021 1665 1224 1731 ordinatione
1253 1665 1398 1730 ecclesiae
1428 1672 1457 1729 et

336 1756 453 1821 missae
475 1757 511 1820 in
534 1755 705 1838 appendice
725 1753 822 1839 (III)
847 1755 964 1820 editum
986 1755 1153 1820 cmtiuent.
1204 1755 1293 1819 Tunc
1314 1753 1490 1836 sequuturis

337 1846 362 1925 f.
384 1839 576 1910 tlh—65⁵⁸.
608 1844 745 1910 Orouion
763 1845 878 1908 Minor
900 1866 969 1909 cnm
990 1843 1248 1909 Continuationis
1263 1843 1292 1906 Ι.
1311 1843 1453 1924 portel.

339 1932 385 2012 (a.
422 1935 659 2016 1266-1267)
699 1940 728 1998 et
766 1933 1010 1998 Continuotione
1040 1933 1092 1996 ΙΙ.
1135 1929 1179 2009 (o.
1214 1937 1305 1996 1267.
1342 1931 1453 2012 1268).

339 2023 505 2086 Nonnulla
528 2024 622 2086 cerba
646 2021 778 2086 liberius
800 2028 930 2102 mutata,
961 2022 1060 2085 multa
1083 2043 1104 2085 o
1127 2020 1241 2102 scriba,
1265 2027 1299 2084 ut
1323 2021 1454 2100 uidetur,

338 2111 533 2192 transposito
556 2117 638 2175 suut.
687 2110 798 2192 Sipnis
827 2113 902 2175 bene
932 2110 1098 2175 distinctae
1126 2116 1202 2174 sunt
1230 2109 1401 2174 sententiae
1428 2115 1457 2173 et

338 2220 448 2264 eorum
477 2199 664 2280 particulae.
718 2199 831 2264 Altera
860 2220 960 2264 monn
989 2199 1105 2263 menda
1133 2198 1255 2263 scribae
1284 2199 1384 2262 multa
1417 2218 1492 2263 ense

338 2289 504 2371 orcbetppo
526 2288 621 2352 buius
643 2286 759 2353 codicis
782 2295 921 2352 correcto
942 2289 1045 2352 sonet.

449 2379 571 2458 Quarta
587 2376 720 2458 deniqne
742 2377 882 2441 recensio
901 2375 985 2441 edita
1003 2383 1048 2440 est
1069 2396 1156 2440 anno
1175 2380 1268 2454 1272,
1293 2375 1455 2439 continua·

338 2465 422 2530 tione
450 2488 481 2530 o.
509 2471 737 2529 1267-1272.
768 2465 893 2546 copiosa
918 2462 1197 2541 (Continuotionis
1219 2464 1249 2528 I.
1274 2471 1370 2545 parte
1394 2463 1453 2546 H)

338 2554 468 2635 addita·
489 2575 570 2635 quoe
591 2554 659 2618 iam
682 2553 801 2635 scripta
816 2575 881 2618 esse
903 2553 1035 2634 uidetur,
1059 2560 1228 2634 antequam
1243 2555 1280 2618 de
1301 2551 1455 2633 Greporio

332 2664 423 2724 papo
444 2642 486 2707 Χ.
518 2643 610 2708 electo
642 2640 687 2720 (a.
708 2648 802 2706 1271.
832 2643 915 2724 Sept.
935 2645 968 2726 1)
992 2642 1130 2708 nuncius
1152 2641 1371 2722 Erpliordiam
1401 2642 1491 2705 acl-u

337 2731 466 2797 ueniret.
512 2732 667 2796 Extremo
691 2731 863 2812 porticulo,
893 2753 957 2813 qua
986 2733 1024 2796 de
1054 2730 1200 2796 electione
1231 2729 1380 2811 Greporii
1409 2749 1454 2793 re-

338 2821 437 2885 lotum
460 2827 512 2901 est,
531 2827 641 2901 posteo
657 2821 780 2884 demum
802 2822 842 2885 ab
858 2826 984 2885 auctore
999 2820 1111 2885 addito
1133 2841 1198 2884 esse
1220 2818 1373 2882 ridetur?
1410 2818 1455 2882 In

338 2909 398 2973 bac
420 2909 601 2974 recensione
623 2907 735 2990 prima
758 2908 923 2989 porticula
952 2909 1106 2974 (ironicae
1134 2929 1200 2972 non
1228 2909 1318 2972 modo
1340 2913 1454 2971 retrac-

339 3003 406 3062 tata
428 3003 617 3078 mutataque,
641 2999 697 3062 sed
711 2997 842 3078 penitus
864 2997 1018 3062 iunooota
1040 3003 1093 3077 est,
1116 2995 1223 3060 multis
1239 2995 1388 3078 priorum
1410 3015 1455 3059 re·

338 3085 520 3151 sensianum
543 3085 668 3151 omissis
690 3086 827 3167 aliisque
843 3086 1012 3168 permultis
1034 3084 1217 3150 substitutis.
1257 3085 1302 3148 In
1324 3082 1455 3165 reliquis
1465 3105 1492 3145 so

333 3174 483 3256 partibus
507 3174 660 3240 Oronicae
677 3175 839 3256 permulto
861 3175 974 3240 addita
996 3181 1078 3240 sunt.
1113 3175 1213 3240 Hanc
1235 3173 1330 3238 etiam
1353 3193 1455 3238 recen

340 3386 366 3453 1)
394 3383 462 3437 Olim
487 3385 513 3436 R
529 3387 555 3440 3.
594 3385 636 3450 Cf.
657 3386 781 3437 ‘Archiv’
799 3385 840 3451 X,
864 3403 894 3454 p.
914 3387 974 3441 607.
1010 3386 1045 3436 In
1073 3387 1167 3452 priore
1194 3385 1306 3436 editions
1332 3383 1457 3448 sipontus

338 3463 397 3508 erot
414 3456 439 3507 B
450 3459 474 3511 1.
528 3459 556 3524 2)
576 3453 678 3524 Incipit
696 3455 859 3524 kathalogus
877 3455 1096 3525 apostolicorum.
1124 3453 1221 3508 Petrus
1234 3452 1372 3522 spostolus
1384 3467 1456 3520 papa

340 3555 371 3566 -
394 3557 425 3565 -
453 3525 602 3596 Gregorius
627 3543 700 3596 papa
724 3525 782 3580 Χιω
813 3529 884 3592 (sola
910 3530 1040 3588 nomina).
1078 3525 1228 3593 Hucusque
1255 3541 1349 3577 omnes
1376 3539 1454 3591 pape.

339 3597 453 3650 Summa
466 3599 588 3651 omnium
601 3597 701 3651 OXOV
714 3601 815 3665 (postea
826 3599 935 3652 delum
946 3605 971 3651 et
982 3603 1012 3650 in
1025 3601 1077 3653 194
1089 3599 1241 3663 mutatum).
1310 3598 1337 3664 3)
1350 3593 1454 3647 Kaths·
1464 3609 1492 3650 ³5

339 3669 418 3737 logus
435 3669 640 3736 imperatarum.
672 3667 760 3722 Iulius
778 3668 861 3722 Cesar
880 3699 911 3709 -
933 3699 964 3709 -
985 3668 1141 3723 Friderious
1160 3667 1316 3736 imperator.
1347 3663 1455 3717 Hucus-

339 3756 392 3807 que
411 3755 505 3793 omncs
523 3741 701 3808 imperatores
719 3739 915 3795 Romanorum.
952 3741 987 3793 A.
1007 3743 1084 3796 1272.
1110 3743 1196 3807 lpum
1214 3744 1261 3790 out
1281 3740 1358 3793 1273.
1377 3737 1457 3790 codsa

338 3811 497 3878 archetypus
515 3813 597 3864 buius
615 3813 681 3864 libri
696 3815 812 3880 scriptus
827 3813 932 3865 uidetur
944 3814 1034 3877 fnisse.
1089 3813 1117 3878 4)
1135 3809 1216 3877 Nota,
1231 3807 1303 3876 quod
1319 3809 1363 3875 (=
1374 3809 1453 3875 quot)

338 3880 998 4018 7111111112112171771727
1022 3877 1493 4018 instinctus&

340 4022 448 4080 -80d.
468 4028 599 4078 continent
617 4027 771 4094 opusculum
790 3973 963 4093 tusdrtptnm:
981 4024 1083 4093 Incipit
1102 4024 1136 4078 do
1154 4022 1253 4076 sanclis
1272 4025 1300 4075 et
1316 4019 1351 4074 de
1369 4019 1456 4073 tribu·

339 4095 490 4149 lusionibus
516 4113 619 4165 eorum,
645 4099 722 4149 cuins
742 4105 861 4150 extrema
884 4113 952 4166 pars
973 4099 1065 4164 per-iit.
1138 4099 1166 4157 7)
1182 4095 1254 4146 Num
1271 4093 1320 4144 sub
1337 4109 1364 4147 o.
1378 4093 1455 4146 1269.

340 4167 454 4232 lepitur:
479 4167 667 4232 cardinalium,
693 4167 739 4236 qui
758 4172 840 4220 sunt
857 4167 901 4220 IX
924 4185 975 4220 nec
998 4168 1026 4221 in
1046 4166 1182 4220 eleccione
1200 4180 1271 4233 pepe
1290 4161 1456 4216 concordare

339 4237 476 4293 volunt.
513 4241 583 4292 Sans
601 4238 713 4292 luerunt
731 4247 754 4292 et
772 4239 917 4291 voluerunt
936 4246 1028 4292 nudor
1044 4241 1199 4307 scripsisset,
1218 4237 1245 4288 si
1261 4236 1325 4288 baec
1341 4234 1457 4286 sulbens

341 4309 502 4375 Greporium
515 4309 551 4365 X.
569 4311 677 4363 suctum
694 4326 747 4362 csse
765 4313 820 4362 tam
837 4311 959 4366 scim'sset.
1465 4319 1494 4359 ὦ
