3200 4844
252 329 270 382 8
341 323 521 378 ANNALES
541 323 569 379 S.
582 321 698 376 PETRI
717 319 1092 376 ERPHESFURTENSES
1110 319 1282 390 ANTIQUI.

165 512 243 562 Lamp.
363 499 488 555 MLXII.
521 499 711 552 Willehelmus
736 498 858 551 marchio
882 515 1007 551 reversus
1031 499 1060 550 in
1086 497 1280 567 Thuringiam,
1305 498 1372 552 dum

253 573 364 626 redirea
388 571 417 622 in
442 570 594 640 Ungariam
620 573 649 622 et
673 585 800 638 sponsam
829 585 904 621 suam
932 585 995 622 cum
1023 585 1124 638 magna
1149 586 1232 638 opum
1260 587 1372 623 suarum

254 642 436 697 ostentatione
454 641 590 694 adducere
608 645 726 708 pararet,
744 641 817 693 inter
835 639 955 692 eundum
974 639 1093 693 secunda
1111 639 1253 694 mansione
1274 643 1371 694 morbo

253 717 394 782 correptus
428 711 504 766 obiit.
559 711 693 779 Sponsam
729 711 786 763 eius
816 697 960 764 Odalricus
995 710 1117 764 marchio
1153 710 1370 780 (tarentinorum,

254 788 387 854 cognatas
405 783 471 848 eius,
490 781 626 850 accepiet.
1381 801 1394 838 5

360 852 504 907 ΜΙιΧΠ.0
528 870 600 906 anno
623 852 776 906 dominicae
794 851 989 905 incarnationis
1008 851 1226 921 [willihelmasd
1248 853 1370 906 marchio
1380 865 1397 912 s.
1406 865 1446 908 as¹

254 925 392 979 Thurin
425 941 524 977 orum
543 923 626 993 obiit].
664 922 806 977 Marcham
826 921 892 976 Otto
910 922 997 976 frater
1014 923 1072 977 eius
1097 923 1223 991 optinuit.
1268 921 1323 977 Sed
1348 925 1370 977 ia

253 943 562 1063 beneficisblogontini
581 994 752 1064 episcopatus
778 993 856 1046 aliter
875 994 998 1062 optinere
1025 1011 1081 1047 non
1106 993 1206 1062 potnit,
1230 993 1283 1047 nisi
1307 1012 1370 1063 pro·

253 1067 377 1120 mitteret
399 1066 518 1119 decimas
540 1081 569 1118 se
592 1065 626 1119 de
649 1066 704 1118 suis
729 1065 757 1117 in
776 1063 927 1134 Thuringia
950 1065 1164 1133 possessionibus
1189 1065 1316 1118 daturum
1343 1071 1371 1119 et

254 1142 394 1191 caeteros0
412 1135 577 1206 Thuringos,
596 1140 627 1188 nt
643 1135 717 1189 idem
730 1135 860 1203 fecerent,
879 1141 1044 1190 coacturum.
1076 1134 1153 1204 Quae
1165 1153 1208 1189 res
1221 1137 1370 1189 multorum
1382 1157 1406 1193 ιο

254 1208 390 1261 malorum
408 1207 583 1261 seminarium
602 1206 661 1275 luit,
681 1206 879 1260 detestantibus
898 1205 1024 1261 omnibns
1037 1206 1184 1276 Thuringis
1196 1207 1300 1260 laetum
1314 1207 1370 1261 eius

253 1283 281 1333 et
300 1278 480 1332 asserentibus
498 1278 569 1331 mori
587 1294 616 1331 se
634 1277 717 1330 malle
735 1294 817 1346 quam
835 1281 945 1346 patrum
963 1294 1074 1330 suorum
1093 1277 1216 1347 legitima
1235 1277 1370 1332 amittere.

359 1348 511 1404 MLXVH.
550 1347 616 1401 Otto
635 1348 756 1401 marchio
777 1348 981 1418 Thuringorum
1007 1348 1090 1414 obiit,
1115 1348 1297 1418 gaudentibus
1323 1349 1370 1402 ad·

253 1421 365 1473 modum
391 1420 418 1472 in
444 1423 533 1473 morte
555 1419 612 1472 eius
638 1419 765 1473 omnibus
783 1418 939 1488 Thuringis,
966 1436 998 1472 eo
1024 1418 1097 1486 quod
1122 1419 1179 1488 ipse
1204 1419 1308 1488 primus
1337 1438 1370 1473 ex

252 1491 420 1560 principibus
433 1491 646 1558 Thuringorum‚
660 1493 691 1541 ut
702 1489 854 1558 predictum
870 1494 918 1558 est,
934 1489 1053 1544 decimas
1066 1507 1099 1543 ex
1112 1490 1167 1543 suis
1177 1489 1206 1543 in
1219 1490 1370 1560 Thuringia
1382 1509 1406 1546 ιιι

252 1561 465 1630 possessionibus
493 1560 559 1614 dare
587 1561 766 1614 consensisset
793 1565 821 1614 et
848 1577 897 1629 per
927 1560 980 1614 hoc
1007 1560 1191 1615 calamitatem
1222 1562 1370 1614 maximam

252 1633 328 1701 genti
347 1649 411 1686 suae
429 1631 563 1686 invexisse
582 1631 728 1686 videretur.
760 1631 903 1684 Maroham
923 1631 981 1684 eius
993 1630 1130 1701 Egbertus
1148 1632 1281 1700 patruelis
1298 1633 1370 1702 ragis

251 1703 379 1771 suscepit,
401 1701 483 1757 sads
505 1719 573 1755 non
592 1703 704 1755 multo
724 1707 806 1770 post
825 1703 957 1756 modicas
978 1701 1055 1755 febre
1072 1703 1196 1770 pulsatus
1221 1703 1369 1756 terminum

250 1774 324 1827 vitae
343 1773 456 1844 accepit.
493 1773 548 1827 Sed
567 1773 707 1826 marcham
727 1772 815 1826 adhuc
833 1773 926 1827 vivens
945 1773 1104 1841 acquisierat
1122 1773 1179 1827 filio
1198 1789 1255 1838 suo,
1281 1778 1369 1827 tener-

251 1845 336 1898 rirnae
362 1843 459 1956 aetlatis
482 1843 627 1912 infantulo,
653 1861 734 1912 quem
762 1845 788 1897 ei
812 1843 894 1898 vidua
919 1844 994 1898 ducis
1016 1842 1124 1897 Ottonis
1149 1845 1183 1897 de
1209 1843 1405 1901 Suuinelurtao

272 1920 397 1969 cererat
429 1959 434 1970 .

251 1933 305 1984 pp
357 1985 526 2040 MLXXIH.
557 1985 619 2040 Rex
640 1987 759 2039 namlem
787 1985 897 2039 Domini
920 1984 1100 2054 Babenbergl
1128 1985 1283 2040 celebravit.
1325 1985 1369 2040 Ibi

251 2055 376 2110 Annos
398 2055 568 2111 Coloniensis
587 2056 815 2125 archiepiscopus,
834 2056 952 2110 offensus
977 2057 1107 2124 hisquae
1133 2057 1251 2124 plurima
1277 2062 1370 2126 preter

251 2144 366 2196 aequum
387 2132 414 2180 et
432 2128 534 2182 bonum
553 2126 656 2181 fiebant
674 2127 701 2180 in
721 2127 834 2196 palacio,
853 2127 933 2196 petiit
951 2145 1044 2196 arege
1056 2129 1227 2181 vacationem
1240 2127 1369 2197 deinceps

250 2197 310 2250 dari
333 2199 385 2251 sibi
403 2199 438 2251 ab
463 2215 554 2250 rerum
579 2197 751 2266 publicarum
778 2198 1032 2267 amministratione,
1058 2203 1184 2251 causatus
1208 2199 1237 2251 in
1262 2199 1404 2255 seniumas

250 2268 304 2321 iarn
322 2275 483 2338 vergentem
501 2272 621 2322 aetatem
642 2273 670 2322 et
695 2269 837 2322 laboriosis
863 2269 940 2340 regni
965 2269 1085 2339 negociis
1111 2270 1200 2322 minus
1225 2269 1367 2338 minusque

249 2339 277 2390 in
303 2339 360 2393 dies
381 2338 572 2393 sufficientem.
615 2337 695 2408 Quod
720 2357 769 2393 rex
794 2341 862 2393 haut
887 2339 1034 2394 difficulter
1058 2341 1161 2408 annuit,
1188 2341 1251 2409 quia
1276 2341 1367 2409 pravis

250 2409 409 2463 libidinibus
434 2411 541 2463 suiset
569 2409 733 2464 iuvenilibus
763 2411 872 2480 ineptiis
901 2411 955 2464 ism
985 2411 1088 2464 dudum
1121 2411 1447 2470 *animadverteratmss

249 2497 311 2534 eum
337 2481 458 2551 graviter
484 2480 587 2534 offendi
611 2484 639 2534 et
666 2483 842 2550 pleramque,
869 2487 999 2550 quantum
1028 2483 1103 2535 salva
1130 2482 1206 2551 regia
1234 2482 1367 2552 dignitate

248 2555 365 2618 poterat,
383 2569 434 2621 pro
452 2551 525 2605 virili
543 2551 670 2620 portione
688 2552 784 2608 obniti.
820 2552 849 2606 Is
868 2569 933 2622 ergo
952 2552 1000 2606 ubi
1019 2570 1047 2606 se
1069 2553 1097 2606 in
1115 2569 1163 2606 sua
1180 2553 1292 2622 recepit,
1317 2572 1365 2607 rex
1377 2573 1403 2610 so

249 2625 379 2689 tanquam
399 2623 568 2676 severissimo
587 2622 731 2692 pedagogo
751 2624 880 2676 liberatus
898 2623 990 2676 statim
1010 2623 1038 2676 in
1057 2624 1148 2677 omnia
1166 2641 1268 2694 genera
1290 2623 1365 2694 flagi-

250 2691 350 2745 tiorum
369 2711 402 2746 ru
422 2693 457 2746 tis
476 2693 602 2746 omnibus
621 2693 771 2746 modestiae
789 2698 818 2748 et
835 2695 1033 2762 temperantiae
1051 2694 1134 2747 irenis
1153 2695 1313 2762 precipitem
1338 2712 1367 2749 se

249 2761 332 2818 dedit.
410 2768 488 2816 cutes
513 2780 608 2817 omnes
633 2764 827 2832 colliculosque
851 2764 986 2819 Saxoniae
1011 2768 1038 2818 et
1058 2764 1225 2835 Thuringiae
1250 2766 1367 2819 castellis

248 2833 436 2886 munitissimis
455 2835 577 2887 extruxit
594 2834 797 2902 presidiumque
815 2834 952 2904 imposuit.
984 2833 1090 2903 Quibus
1103 2852 1166 2888 cum
1178 2836 1263 2890 victui
1274 2853 1366 2890 neces·

249 2904 319 2956 saria
336 2903 426 2957 minus
444 2904 610 2972 sufficerent,
629 2905 762 2974 permisit,
787 2909 819 2957 ut
837 2923 871 2958 ex
889 2907 1020 2974 proximis
1038 2905 1111 2958 villis
1131 2911 1158 2958 et
1176 2905 1249 2975 egris
1273 2906 1403 2963 hostiliae

249 2991 325 3026 more
355 2975 453 3042 predas
485 2980 598 3043 agerent
629 2981 657 3029 et
688 2976 722 3028 ad
750 2976 809 3045 ipsa
837 2977 947 3030 castella
977 2976 1125 3029 munienda
1156 2977 1366 3046 circumquaque

249 3049 390 3098 manentes
415 3050 546 3116 cogerent
571 3050 599 3099 et
627 3047 764 3115 impensas
790 3046 894 3100 affatim
922 3052 1083 3101 convectare
1109 3051 1136 3100 et
1164 3065 1214 3116 per
1238 3065 1267 3101 se
1294 3049 1367 3116 ipsos

249 3115 340 3168 servili
364 3132 447 3168 manu
466 3116 606 3171 desudare.
639 3117 743 3171 Verum
763 3135 798 3171 ne
823 3117 967 3171 manifeste
992 3117 1143 3185 tyrannidis
1169 3123 1318 3186 notaretur,
1344 3118 1367 3170 si

248 3190 344 3239 contra
361 3187 520 3240 innocentes
540 3192 621 3256 atque
639 3188 668 3241 in
686 3205 802 3258 regnum
821 3189 962 3256 proprium
988 3195 1045 3242 tarn
1063 3189 1180 3243 barbara
1206 3189 1366 3244 crudelitate

248 3260 425 3327 grassaretur,
451 3261 482 3310 ut
506 3258 677 3326 impietatem
701 3276 778 3312 suam
804 3259 922 3327 quadam
949 3260 1089 3330 religionis
1113 3260 1205 3328 specie
1231 3260 1403 3329 palliaretao

248 3328 481 3398 archiepiscopum
495 3327 689 3398 Mogontinum
707 3329 795 3382 modis
815 3328 940 3384 omhibus
958 3331 1104 3401 instigavit,
1124 3336 1155 3384 ut
1172 3331 1366 3386 decimationes

248 3397 424 3469 illuringiae,
443 3399 513 3453 sicut
531 3404 594 3454 ante
611 3401 705 3469 plures
725 3417 809 3453 annos
833 3401 995 3469 instituerat,
1024 3401 1156 3472 exigeret,
1181 3402 1313 3470 pollicens
1338 3419 1366 3456 se

248 3468 274 3521 ei
292 3469 320 3522 in
339 3471 473 3552 exigendo
492 3489 599 3524 summa
618 3488 670 3541 ope
694 3470 859 3524 affuturuml
886 3476 914 3525 et
935 3471 1009 3526 dicto
1028 3474 1217 3540 obtemperare
1242 3473 1366 3526 nolentes

247 3540 323 3610 regia
335 3545 478 3595 maiestate
491 3545 662 3610 coacturum,
679 3559 712 3596 ea
722 3547 816 3596 tamen
830 3543 964 3612 pactione,
977 3547 1008 3596 ut
1020 3542 1140 3612 ipsarum
1154 3542 1365 3596 decimationum

248 3614 354 3678 partem
373 3611 431 3678 sibi,
451 3629 519 3679 quae
538 3616 567 3666 et
584 3613 676 3694 regiae
701 3613 922 3682 magnificentiae
941 3620 969 3667 et
993 3619 1070 3666 tanto
1096 3614 1184 3667 labori
1209 3630 1257 3666 suo
1283 3613 1402 3682 dignate

248 3679 327 3744 foret,
346 3682 487 3738 tribueret.
518 3681 563 3735 Ita
582 3700 724 3752 episcopus
742 3683 890 3737 vanissima
907 3701 955 3752 spe
974 3685 1109 3737 animatus
1122 3684 1254 3752 synodum
1268 3683 1366 3737 indixit

247 3751 275 3803 in
293 3750 457 3820 Erphesl'urt
475 3751 526 3807 VI.
546 3751 612 3805 Idus
630 3752 733 3808 Martii.
771 3754 882 3808 Statutc
901 3755 945 3808 die
965 3755 1060 3808 aderat
1077 3772 1134 3821 rex,
1160 3754 1254 3808 aderat
1278 3755 1366 3808 archi·

247 3821 398 3891 episcopus,
417 3823 533 3892 stipatus
552 3827 666 3892 uterque
685 3842 785 3894 magno
804 3842 890 3894 grege
908 3825 1150 3894 phylosophorum,
1172 3826 1256 3878 immo
1276 3825 1365 3894 sophi·

245 4039 269 4090 a)
283 4039 374 4088 radlret,
390 4045 399 4078 ι
412 4049 469 4081 cras.
483 4050 500 4081 e.
574 4037 597 4090 b)
608 4043 658 4088 post
672 4039 724 4076 haer
737 4043 833 4088 quatuor
846 4039 893 4085 fers
906 4039 971 4077 verbu
986 4050 1059 4080 erasa.
1136 4038 1158 4090 c)
1171 4040 1280 4089 amessa
1294 4039 1365 4078 altera

246 4103 313 4132 manu
334 4093 356 4130 tn
378 4092 484 4139 insertare
501 4095 567 4142 parts
584 4093 600 4139 f.
615 4092 656 4131 8⁶⁴.
675 4095 694 4130 ct
714 4092 831 4138 fiac-87.
850 4093 932 4140 scripta
949 4096 1010 4140 sunt,
1032 4095 1069 4131 aas
1088 4091 1159 4144 sesag
1180 4089 1278 4132 secundo
1299 4093 1403 4137 mtntofio

246 4155 353 4195 superam.
409 4145 432 4194 d)
442 4145 503 4184 Wlll.
518 4167 543 4174 -
557 4146 661 4184 daturam
676 4145 698 4182 tn
712 4145 759 4182 leco
774 4155 827 4182 raso
841 4147 931 4194 ampla,
946 4149 965 4184 st
979 4146 1040 4188 Will.
1054 4167 1080 4176 -
1094 4147 1150 4186 obllt
1158 4151 1210 4196 post
1225 4147 1294 4185 delete
1307 4150 1365 4194 suar,

246 4209 293 4236 eum
308 4198 501 4237 trasumenum
516 4196 828 4247 sampmsorasnacsssura
842 4198 916 4246 affixa
929 4199 1056 4246 sapsam.
1116 4201 1138 4250 ο)
1152 4189 1199 4256 epte
1214 4209 1232 4242 e.
1295 4197 1365 4245 saed

248 4271 273 4280 -
292 4255 412 4300 pepererat
430 4252 454 4288 ιιι
471 4252 514 4290 ime
533 4262 604 4300 marg.
626 4251 698 4288 eadem
720 4259 787 4286 ιιιιιιιιι
806 4251 879 4298 suppl.
961 4254 985 4300 g)
1000 4250 1080 4290 nodtea
1093 4263 1110 4294 c.
1192 4253 1215 4298 h)
1228 4258 1335 4301 pepereat
1348 4263 1365 4294 c.

248 4301 264 4349 l)
279 4302 372 4342 Bshenb
384 4313 401 4344 c.
456 4302 479 4350 k)
494 4315 552 4342 ιιιιιο
566 4303 639 4342 eadm
655 4313 720 4339 manu
734 4312 841 4350 aspersi-r.
895 4301 911 4351 l>
925 4303 1002 4344 futuru
1017 4305 1090 4344 ecdem
1105 4316 1171 4343 ιιιιιιιιι
1185 4316 1241 4348 corr.
1255 4305 1319 4347 affut,
