3186 4852
273 393 440 449 ORONICA
459 394 487 451 S.
499 394 616 451 PETRI
634 395 896 452 ERFORDENSIS
914 395 1111 452 MODERNA.
1204 399 1255 453 149

145 575 234 640 denrli
261 584 336 642 sunt
362 577 575 644 Theodericus
603 581 641 643 cle
663 579 799 661 Apololo,
829 579 885 660 qui
914 579 950 643 in
980 579 1055 644 Vito
1084 578 1254 644 Elisabeth

144 685 172 728 77.
198 671 291 729 1287.
309 661 490 749 'cmuposita
515 689 622 748 pauco
651 689 689 732 en
718 667 777 734 hoc
812 667 950 733 Oronico
983 674 1107 750 srrmpto
1140 666 1254 732 hahere

143 753 290 835 rideturl,
315 776 404 837 quoe,
428 755 458 820 si
480 776 591 821 reoero
613 778 652 822 eu
674 778 721 837 eo,
748 757 861 837 procul
883 757 978 822 rlubio
1000 757 1037 821 in
1059 756 1127 838 ipso
1150 777 1254 822 coeno-

144 841 189 906 lio
211 843 336 908 Montis
360 845 393 908 S.
411 844 501 908 Petri
523 845 741 927 exscripserat,
765 853 830 910 tum
851 845 1061 911 Theodericus
1080 845 1252 927 Enyelhns,

121 931 193 1012 oqui
214 931 250 996 r'n
267 931 410 998 omnihus
425 933 568 999 chronici
586 933 638 999 sui
652 935 909 1000 recensiouihus²
923 935 1013 999 ruoilo
1030 935 1139 1016 77777777,
1163 935 1254 999 morlo

142 1019 263 1085 minora
293 1041 331 1086 es
361 1021 509 1088 chronico
531 1023 736 1104 Ersorclensi,
767 1025 850 1106 quool
876 1024 913 1088 in
935 1029 1042 1088 nostro
1065 1024 1130 1088 eorl.
1150 1022 1184 1087 Ε
1205 1043 1253 1087 ec·

140 1111 229 1190 77773,
260 1109 434 1192 exscripsit,
465 1113 521 1176 sed
548 1111 643 1176 etiarn
667 1133 788 1192 francos
817 1113 898 1178 locos
927 1111 1080 1177 Oronicoe
1110 1113 1143 1176 S.
1164 1111 1254 1176 Petri

141 1198 227 1262 lrohct
260 1199 297 1264 in
327 1198 496 1266 chronicon
525 1199 640 1265 coelicis
666 1201 700 1264 Ε
728 1223 793 1266 non
820 1202 986 1282 receptos4,
1017 1221 1093 1282 quos
1121 1221 1186 1264 non
1215 1221 1254 1264 ex

140 1285 215 1367 ipso,
240 1289 296 1353 secl
317 1309 356 1352 en
371 1288 436 1352 olio
454 1291 590 1370 ouoclorn
605 1290 752 1355 chronico
769 1290 942 1372 compilato,
966 1291 1122 1371 hucusque
1137 1289 1251 1371 ionoto,

110 1393 131 1430 1⁰
139 1397 204 1438 eum
238 1377 407 1458 sormpsr'sse
437 1377 565 1442 conicio.
614 1379 724 1460 Neque
753 1379 787 1442 hi
819 1400 916 1460 neque
946 1378 1005 1444 loci
1039 1399 1077 1443 en
1107 1377 1252 1444 chronico

138 1464 252 1530 codicis
275 1466 310 1530 Ε
329 1465 445 1546 sumpti
471 1465 599 1545 fuciunt
620 1469 664 1532 orl
686 1474 800 1532 tectum
829 1467 983 1532 (ironicae
1005 1472 1132 1533 nostroe
1154 1487 1252 1532 eruen-

137 1555 277 1619 donorum
287 1555 308 1617 ⁵.
356 1554 534 1619 Iohannem
559 1554 661 1620 Rothe
691 1555 824 1622 codicem
847 1557 1067 1622 Isenocensem
1097 1555 1253 1637 antiquio·

137 1661 199 1706 rem
222 1643 365 1708 chronici
388 1643 504 1709 coelicis
526 1644 561 1707 Ε
588 1644 791 1725 exscripsisse
812 1645 877 1709 ioru
900 1666 998 1726 supro
1021 1667 1055 1726 p.
1076 1650 1147 1708 143.
1172 1644 1250 1726 clini,

136 1751 201 1795 curu
225 1730 322 1796 etiarn
337 1731 439 1814 rosam
459 1731 628 1798 Oronicorn
645 1735 678 1800 S.
692 1733 782 1798 Petri
801 1733 910 1816 lcyisse
933 1755 998 1799 non
1013 1733 1135 1798 credoss.
1173 1735 1252 1797 Turn

106 1826 253 1900 ooportet
274 1819 414 1886 odicium
436 1843 483 1886 rno
505 1821 697 1887 nullomodo
715 1822 833 1888 adduci
849 1843 950 1904 posse,
974 1829 1009 1887 ut
1024 1823 1149 1887 credam
1168 1823 1252 1888 honc

140 1908 309 1976 Oronicorn
338 1911 378 1974 ob
410 1909 554 1976 Ottocoro
583 1911 619 1976 in
648 1932 763 1993 naono
793 1933 848 1976 suo
883 1911 1042 1976 Chronico
1076 1911 1251 1993 rhythmico

134 1998 307 2064 Austrioco
341 1997 518 2064 adhibitum
545 2020 623 2082 esse,
657 2003 740 2081 quod
767 2001 809 2065 Α.
841 2000 990 2065 Busson⁷
1019 2006 1048 2064 et
1075 2007 1149 2082 post
1181 2021 1251 2064 euru

137 2085 383 2152 LSeemr'tller8
405 2094 601 2153 censeurunt.
649 2091 759 2170 Neque
786 2089 955 2155 chronicon
982 2091 1138 2171 quoddam
1166 2089 1249 2154 Thu·

134 2174 292 2258 riuyicuor
314 2198 413 2258 necere
427 2176 555 2242 omnino
578 2183 622 2242 tot
643 2178 793 2244 chronico
811 2179 1013 2260 annalesque,
1037 2184 1110 2259 quot
1133 2177 1168 2242 hi
1185 2176 1251 2242 oiri

103 2264 213 2329 ndocti
244 2271 479 2346 recensuerunt,
511 2267 551 2331 oh
578 2267 728 2333 Ottocoro'
751 2268 829 2332 lecto
858 2289 922 2333 esse
951 2266 1031 2332 inihi
1058 2287 1250 2348 persuasum

133 2351 238 2434 habeo,
264 2354 362 2418 multo
385 2375 423 2418 en
445 2375 551 2420 eoruru
574 2355 654 2421 serie
678 2358 830 2422 demendo
852 2377 916 2422 esso
938 2355 1077 2421 iudico⁹.

239 2443 312 2508 Hoc
335 2443 399 2508 loco
423 2443 560 2510 (ironico
584 2445 617 2509 S.
635 2444 725 2510 Petri
747 2467 786 2510 ec
809 2445 1006 2527 Scriptorum
1029 2451 1108 2509 toruo
1126 2443 1246 2508 XXX.

134 2673 158 2736 1)
180 2671 225 2735 07.
248 2671 281 2725 G.
297 2671 417 2723 Bouncr
442 2673 473 2722 in
491 2673 536 2727 ι17.
553 2672 665 2724 Archio'
682 2672 769 2738 XIII,
789 2691 817 2740 p.
829 2675 881 2728 481
895 2690 932 2740 sq.
969 2673 1021 2725 Sul
1038 2671 1195 2724 moncrrdum
1212 2679 1248 2725 777

135 2741 320 2794 Iluodericum
335 2741 419 2794 hoctun
431 2759 455 2796 a.
467 2745 545 2806 1227,
562 2759 682 2809 quocum
696 2744 808 2796 Oroniw
823 2744 850 2798 S.
860 2744 936 2796 Petri
949 2745 1073 2804 emoluit,
1088 2759 1121 2794 uc
1133 2743 1249 2794 Annali-

100 2829 123 2868 77
132 2812 178 2865 lus
191 2813 330 2881 Erphord.
343 2814 466 2877 fratrum
478 2813 698 2866 Proedhotorum
710 2814 854 2866 ascribere
868 2817 991 2882 potuisse.
1018 2813 1101 2880 Quod,
1121 2829 1179 2864 oum
1193 2816 1248 2880 ipse

132 2885 237 2936 ordinis
256 2883 475 2937 Praedicatorum
493 2885 584 2949 frotcr
601 2885 695 2951 fuerit,
720 2901 784 2937 sane
805 2885 972 2953 probabilius
992 2891 1037 2939 eu.
1108 2887 1137 2950 2)
1158 2884 1250 2938 nouo

131 2954 164 3005 oh
177 2957 200 3012 I.
215 2955 239 3008 I.
253 2954 364 3008 uacuo
375 2956 539 3008 Helmstodii
550 2958 628 3011 1671.
647 2955 690 3011 4⁰.
709 2961 732 3009 et
750 2973 767 3008 77
779 2957 920 3021 Lcihnitio,
938 2956 987 3012 SS.
1003 2972 1095 3008 rerum
1107 2956 1248 3010 Brumsoio.

133 3025 170 3092 II,
185 3027 524 3094 consequentius
562 3027 604 3092 07.
624 3028 667 3079 ‘.N
685 3028 801 3080 Archiv'
817 3027 899 3090 XIII,
921 3046 950 3095 p.
971 3029 1022 3082 183
1040 3026 1085 3092 (L.
1104 3027 1136 3077 cio
1153 3025 1249 3078 Heine-

132 3101 236 3164 manu)
255 3097 336 3163 XXI,
350 3114 381 3165 1).
394 3100 457 3154 456.
528 3099 556 3166 3)
577 3099 652 3162 Quod
669 3113 728 3150 cerm
746 3099 836 3150 multos
853 3065 916 3150 altis
934 3099 1003 3164 heis,
1023 3104 1079 3148 tum
1097 3097 1145 3149 hoo
1160 3103 1249 3165 potet:

98 3167 166 3224 toIn
183 3168 270 3220 codice
287 3168 434 3221 Dresdensi
451 3171 521 3228 147
541 3169 702 3235 Enodhusii
723 3170 745 3232 7.
759 3167 826 3224 1181).
847 3172 877 3220 in
899 3137 1028 3233 intuiirc
1045 3169 1169 3234 moreins
1187 3169 1250 3235 leoi-

131 3245 193 3290 tur:
212 3237 338 3293 Ecclesia
350 3239 397 3292 kat
386 3239 517 3294 thedrelis
528 3238 772 3310 Magdeburgensis
789 3240 874 3292 sancti
886 3237 1014 3293 Maurioii
1032 3237 1158 3292 incendio
1177 3237 1191 3290 I
1195 3239 1252 3290 ul

132 3309 425 3449 hiissiuimilhii,
444 3315 505 3452 {h
522 3308 1249 3450 (7.1..7111101111111177ἐέ71717

131 3453 222 3505 cendio
248 3453 365 3506 mustos
389 3421 436 3507 oo’c
460 3455 514 3507 looo
538 3454 705 3506 hahentur
692 3469 723 3504 rn
742 3453 822 3504 Cron.
841 3453 956 3506 &Petri
979 3458 1002 3504 et
1020 3451 1048 3503 Ε
1064 3452 1113 3502 suh
1131 3467 1157 3503 o
1171 3454 1247 3506 1297.

99 3523 265 3590 oshountur,
284 3527 419 3591 sequentia
437 3540 497 3577 cero
513 3527 648 3592 eumipto
660 3525 814 3576 sunteuir's
832 3523 941 3590 oracli
957 3524 993 3574 od
1011 3538 1036 3576 o.
1052 3525 1128 3577 1207.
1148 3523 1179 3574 de
1197 3529 1249 3573 ter·
1260 3525 1273 3546 ²

130 3601 251 3648 roemotu
271 3597 392 3651 771279.
414 3596 497 3650 hahet.
534 3597 569 3647 In
593 3597 678 3648 codice
704 3594 869 3647 bibliothecae
894 3596 1009 3646 ciuiuus
1035 3594 1249 3645 Hounoosronoe

131 3664 294 3732 Enyellrusii
310 3667 373 3720 haee
391 3670 420 3718 r'n
438 3673 511 3719 tortu
530 3667 655 3733 locuntur·
672 3668 836 3732 transposito
853 3671 877 3718 et
894 3671 1006 3724 mutata,
1043 3665 1141 3716 Multos
1159 3681 1249 3717 versun

131 3737 298 3790 rnunorioles
309 3737 447 3804 Enyelhus
465 3755 498 3790 ee
515 3738 638 3791 chronico
655 3739 709 3792 cod.
722 3737 750 3790 Ε
765 3738 959 3803 transscripsit,
978 3737 1048 3804 quod
1060 3735 1174 3801 7777977177
1186 3736 1248 3788 locis

130 3809 264 3862 adnotari.
337 3811 365 3870 4)
391 3809 424 3860 Ut
448 3809 565 3873 sabellos
589 3810 620 3860 olo
638 3808 764 3876 Philippo
786 3824 846 3874 rece
862 3807 997 3860 Francius
1017 3806 1065 3860 'sul
1084 3823 1108 3861 o.
1124 3808 1199 3862 1275.
1219 3807 1248 3858 in

98 3879 212 3934 77077777.
230 3880 258 3933 S.
271 3879 347 3942 Petri
364 3885 503 3934 7777777777.
588 3879 616 3948 5)
635 3880 711 3932 Raro
730 3883 786 3931 eius
805 3881 936 3932 lectionuu
954 3880 1035 3930 citavi
1051 3879 1154 3930 nomiru
1169 3878 1248 3945 pleno

131 3947 273 4019 Rogelhus
291 3951 433 4018 adscripto.
489 3953 516 4018 9)
539 3951 579 4002 De
596 3951 729 4002 chronicis
746 3949 958 4015 Erforrieucihus
976 3950 1069 4016 linqua
1089 3949 1248 4000 Germanico

131 4023 288 4089 commutis
305 4023 362 4075 ride
379 4023 425 4077 1Ν.
437 4023 551 4074 Archio’
563 4021 643 4086 XXI,
660 4041 689 4089 p.
702 4023 763 4087 451,
783 4036 809 4074 n.
824 4024 847 4076 1.
885 4022 1019 4073 Nonnulli
1034 4027 1146 4072 recentes
1163 4020 1248 4086 strip-

131 4099 210 4156 tores,
237 4099 266 4144 ut
295 4093 385 4146 Erroch
413 4094 582 4157 Wiolemonn,
610 4092 730 4158 Mencke,
758 4092 805 4146 SS.
827 4092 870 4157 II,
899 4109 919 4146 c.
939 4095 1000 4156 857,
1028 4107 1081 4144 non
1107 4090 1248 4143 Crontcom

132 4164 159 4218 S.
178 4165 261 4232 Petri,
287 4170 428 4232 onteqmm
452 4166 580 4230 7777777777,
606 4164 651 4216 sod
676 4168 797 4230 excepta
822 4179 840 4213 o
864 4163 981 4215 Pistoris
1004 4164 1075 4214 edito
1094 4159 1155 4228 (2b)
1184 4161 1248 4227 leoe-

97 4241 206 4288 nmmo.
278 4238 305 4303 7)
334 4237 396 4291 ‘SR
424 4236 472 4288 der
497 4236 587 4289 Ahod.
615 4235 640 4289 77.
666 4235 744 4288 Wtss.
771 4250 805 4285 ru
837 4233 925 4284 Wien'
951 4233 1052 4298 CXIV,
1078 4251 1106 4300 p.
1133 4235 1167 4286 73
1191 4247 1247 4300 sqq.

131 4305 317 4371 7777170777
340 4307 371 4372 V,
396 4325 423 4375 p,
443 4317 505 4361 LIX,
587 4307 615 4376 9)
643 4307 685 4369 07.
704 4320 771 4374 quoe
795 4304 817 4358 I.
837 4304 958 4368 sossio,
978 4304 1056 4357 ι11777.
1076 4303 1248 4367 Zoitsohrift'

131 4377 260 4429 LXXIV
275 4379 324 4442 (N.
337 4379 370 4433 Ε.
389 4377 568 4444 XXXVIII),
584 4394 614 4444 p.
625 4379 678 4432 286
690 4392 744 4444 sqq.
763 4376 824 4428 hene
841 4378 971 4442 exposcit.
