3200 4844
275 373 458 430 ANNALES
476 372 665 430 ERPHORD.
685 371 874 429 FRATRUM
891 372 1231 438 PRAEDIOATORUM.
1281 377 1315 430 75

196 557 309 640 ambs
331 559 369 622 de
389 555 577 624 Christiano
599 557 734 621 relatum
756 563 810 635 est,
834 556 920 622 nibil
942 559 979 622 de
1002 559 1094 623 rebus
1109 555 1316 637 Mopumints

195 647 232 712 iu
249 645 387 712 editione
403 645 582 711 Sebauuati
597 651 766 710 narratum
788 645 960 711 invenitur.
998 645 1077 712 Gom
1093 645 1193 728 ipilur
1207 645 1315 710 multis

196 735 304 815 auum,
330 741 499 816 postquam
528 735 606 800 leaeo
635 733 810 816 exscripsit,
839 734 992 800 Gudenns
1019 757 1058 800 ea
1086 737 1197 816 ederet,
1228 735 1314 814 falso

196 824 346 906 opinatus
368 830 414 888 est
435 843 505 888 eum
528 823 628 888 laeum
647 829 819 889 extremum
833 823 934 903 fuisse
956 824 993 889 in
1015 822 1119 890 codiee
1133 822 1315 888 Annalium

174 911 482 994 sErpbordensium,
506 932 596 993 quem
617 911 685 992 ipse
700 918 870 978 extremum
885 912 1103 995 duonpseme.
1135 912 1202 977 His
1216 910 1316 994 ipitur

194 1001 327 1066 minime
343 1001 501 1082 probatur
522 999 688 1066 editionem
705 1001 884 1066 Sebanuati
906 1021 944 1066 en
967 1001 1031 1067 alio
1054 1000 1165 1081 codiee,
1190 1022 1255 1066 nou
1277 1021 1316 1065 en

195 1089 391 1172 Mapuutiuo
414 1089 593 1172 profectam
622 1109 696 1155 esse.
742 1091 790 1154 At
817 1111 882 1154 uno
912 1091 977 1155 loeo
1000 1113 1030 1154 a.
1052 1095 1146 1154 1237.
1171 1111 1209 1154 ea
1235 1109 1316 1171 quae

201 1179 356 1245 Gerdeuus
378 1185 408 1244 et
430 1179 597 1244 Sebuunat
625 1177 793 1244 ediderunt
820 1178 869 1243 ita
897 1178 984 1244 inter
1006 1200 1039 1244 se
1066 1177 1222 1257 differunt
1231 1180 1250 1258 1,
1281 1185 1317 1242 ut

196 1289 275 1334 saue
299 1267 436 1348 difficile
459 1266 577 1332 adduei
594 1267 709 1348 possis,
732 1273 769 1332 ut
790 1270 902 1333 medas
924 1268 1001 1333 boec
1023 1289 1063 1333 ee
1084 1268 1190 1332 eodem
1212 1265 1315 1331 codiee

163 1356 357 1438 mdesoripta
372 1377 446 1436 esse,
469 1355 595 1421 etiamsi
617 1354 797 1438 imperitiae
819 1356 941 1422 scribae
964 1363 994 1421 et
1014 1355 1163 1422 inurrioe
1185 1355 1316 1420 editoris

196 1445 403 1510 incredibilia
436 1444 561 1510 moon.
615 1444 760 1527 Lonpius
793 1446 878 1510 bane
908 1445 1121 1528 quaestionem
1153 1443 1315 1525 spinosam

197 1533 343 1614 tructam,
374 1541 410 1598 nt
437 1534 533 1599 metor
557 1533 719 1615 intellepat
748 1555 813 1599 non
839 1533 937 1614 feeile
966 1555 1032 1600 esse
1061 1533 1206 1614 discreta,
1238 1533 1317 1616 quid

196 1643 306 1688 uerum
334 1623 386 1686 sit.
432 1623 592 1702 Attamen,
623 1623 653 1688 si
681 1645 730 1687 me
759 1622 943 1705 interrobat,
974 1623 1053 1705 quid
1081 1641 1232 1703 censeam,
1261 1643 1316 1704 epo

197 1711 419 1778 Sobauuatum
443 1713 604 1793 exemplar
626 1710 741 1776 eodier's
763 1711 952 1794 Mopuutini
967 1711 1142 1794 pessimum
1165 1733 1203 1776 ao
1225 1711 1316 1776 muti·

163 1801 262 1866 ulum
286 1799 351 1882 ipsi
374 1800 598 1865 transmissum
620 1800 756 1866 edidisse
779 1800 902 1882 opinor.

310 1887 337 1971 1)
361 1889 489 1972 sipnam
505 1888 685 1954 Sebunnati
700 1888 868 1955 editionem
887 1888 980 1954 totius
1003 1888 1110 1972 libelli,
1134 1891 1315 1954 mendosam

198 1977 325 2061 quidem
348 1984 377 2042 el
398 1977 553 2043 mutilam.

306 2067 338 2150 2)
369 2066 497 2150 sipnaui
524 2073 669 2149 eneerplu
691 2066 906 2149 Mopuntiaea
928 2089 950 2132 a
972 2067 1009 2131 V.
1033 2067 1076 2131 F.
1099 2069 1137 2132 de
1163 2067 1316 2133 Gudenus

198 2157 220 2221 l.
236 2157 257 2220 l.
271 2156 302 2237 I,
321 2177 356 2237 p.
374 2161 570 2220 516-637.
586 2155 712 2238 passim
728 2155 822 2238 editu,
838 2157 934 2220 multa
949 2155 1166 2222 eusendotiora
1180 2155 1314 2239 quiden,

163 2244 330 2310 nmiuime
363 2244 487 2310 mendis
519 2266 630 2310 vacua.
684 2245 926 2326 Nonnunquam
959 2243 1054 2309 etium
1084 2251 1104 2308 2
1135 2252 1316 2326 corruptum

199 2334 361 2399 lectionem
385 2335 528 2415 praebet,
559 2333 614 2399 nbi
644 2339 660 2398 l
685 2355 793 2399 ueram
822 2339 999 2415 rectamque
1028 2334 1129 2400 babet.
1186 2333 1316 2399 Omnem

198 2421 327 2487 mutam
353 2421 515 2487 leetimem
536 2422 700 2504 utriusque
722 2422 871 2488 editionis
894 2423 1046 2487 adnotavi
1062 2429 1194 2504 praeter
1216 2423 1316 2487 artbe-

194 2509 354 2593 prapbiea
375 2513 531 2592 quaedam
553 2510 721 2592 asumma,
745 2517 781 2575 ut
801 2513 831 2575 ti
854 2511 1075 2576 aSsbennalo
1089 2511 1237 2592 pesitum,
1261 2510 1317 2576 ubi

202 2599 357 2665 Gudenus
380 2601 413 2666 ci
434 2599 534 2682 babet,
558 2601 605 2664 uel
627 2622 667 2665 ae
691 2607 720 2665 et
741 2621 782 2666 oe
805 2623 826 2665 o
850 2599 1035 2666 Sebeuuato
1052 2621 1114 2681 pro
1137 2599 1274 2681 sirupliei
1297 2621 1315 2665 e

163 2687 361 2770 sescuplum,
391 2689 439 2754 uel
461 2709 548 2754 voees
577 2690 616 2754 ab
640 2688 812 2754 editoribus
834 2688 910 2754 iude
932 2711 954 2752 a
976 2689 1099 2755 saeculo
1125 2689 1226 2754 XVI.
1252 2709 1315 2754 eor·

198 2784 321 2858 neptes,
351 2784 387 2842 ut
416 2779 631 2863 eleemosyna
656 2797 718 2859 pra
748 2779 943 2852 elemosina,
974 2779 1085 2843 millia
1108 2799 1171 2860 pro
1203 2779 1313 2854 milin;

197 2864 370 2931 intestibus
389 2866 556 2931 editionem
575 2872 594 2930 2
619 2873 740 2931 secutus
763 2865 858 2932 etiam
880 2865 925 2930 iis
947 2866 1032 2947 loeis,
1057 2887 1134 2950 quos
1150 2867 1318 2932 Sebauuot

198 2956 284 3020 solus
299 2956 442 3037 praebet.

307 3043 373 3108 Sed
385 3043 505 3110 oeeedit
521 3041 658 3110 Orouim
674 3045 708 3110 S.
725 3043 817 3109 Petri
838 3047 999 3125 moderno,
1023 3066 1118 3126 quam
1133 3044 1167 3109 P
1178 3044 1315 3127 sipnaoi,

162 3135 243 3198 suad
263 3134 381 3198 mendo
405 3132 584 3198 Sebaunati
607 3133 745 3199 tollenda
767 3133 960 3214 lamnasque
982 3134 1162 3215 euplendas,
1192 3133 1230 3198 in
1252 3155 1316 3214 qua

196 3221 284 3286 iuter
306 3243 337 3286 a.
358 3227 452 3286 1223.
475 3227 505 3287 et
530 3227 623 3288 1244.
654 3223 763 3301 miella,
794 3221 880 3288 inter
903 3227 1186 3287 α.1245-1253.
1208 3243 1317 3303 panea

197 3309 410 3375 inueniuntur
432 3313 477 3376 ad
497 3311 624 3376 uerbum
647 3333 716 3376 eum
731 3310 782 3375 leis
798 3309 972 3376 annalibus
987 3310 1216 3391 conuenientia,
1233 3313 1316 3375 uude

197 3405 296 3465 autea
325 3399 383 3464 lios
412 3400 548 3466 annales
570 3401 610 3464 ab
634 3405 759 3465 auctam
788 3398 943 3465 Uiennae
966 3401 1000 3465 S.
1024 3398 1116 3464 Petri
1147 3397 1317 3480 (secundae

190 3487 303 3570 partis
325 3487 445 3553 seilicet
467 3510 498 3552 a.
518 3490 754 3572 1209-1276)
779 3487 951 3569 exscriptos
974 3509 1039 3552 esse
1060 3487 1127 3552 uiri
1149 3488 1232 3553 docti
1249 3509 1316 3553 een-

161 3577 346 3730 militib
391 3577 455 3642 Sed
477 3576 548 3642 iure
571 3576 716 3642 Karolus
738 3577 857 3643 Wende
887 3577 944 3642 boe
972 3576 1010 3642 in
1033 3577 1163 3642 dubium
1192 3597 1318 3642 eoeasse

196 3687 227 3730 m
305 3685 355 3729 r.

198 3823 225 3888 1)
252 3821 309 3875 Ubi
334 3821 439 3874 duabus
467 3821 595 3874 columnis
614 3825 712 3890 positis
735 3839 803 3890 quae
826 3829 934 3890 oderam
959 3821 1036 3874 babet
1060 3823 1138 3878 edidi.
1229 3825 1256 3890 2)
1284 3823 1317 3874 Ut

195 3894 220 3949 Ι.
239 3895 274 3949 F.
292 3893 433 3957 suumn,
457 3893 489 3946 G.
511 3891 544 3947 H.
563 3893 649 3960 Peste,
671 3894 705 3948 E.
725 3893 775 3948 Βν,
794 3893 891 3959 Stabat,
912 3895 980 3946 ‘Das
996 3894 1096 3949 Claram.
1114 3895 1246 3962 Sampetr.
1263 3893 1315 3945 Er·

194 3965 278 4031 suet!
295 3963 385 4029 (Dies.
403 3963 478 4032 Io'ps
499 3965 581 4026 1867)
595 3982 624 4032 p.
636 3967 680 4030 23,
705 3967 754 4032 qus·
769 3981 824 4018 uon
837 3967 985 4034 perspeoee't,
1003 3967 1074 4032 quod
1091 3966 1171 4017 Psrte
1195 3968 1250 4016 iam
1269 3965 1317 4015 ad-

160 4041 344 4102 renuamus,
364 4037 444 4088 ettam
462 4037 533 4086 iuter
550 4037 667 4090 α.1247.
686 4041 709 4088 et
729 4038 806 4092 1253.
825 4037 952 4104 quosdam
971 4037 1039 4090 lacos
1058 4037 1185 4089 Cromnae
1201 4035 1230 4088 S.
1242 4035 1319 4087 Petrr'

195 4124 256 4160 cum
274 4106 428 4159 Annalibus
446 4105 681 4174 Eiplrordmsr'bus
698 4109 833 4160 conuenire
839 4125 850 4171 ,·
874 4109 952 4159 etiam
974 4108 1023 4162 Tu.
1041 4106 1118 4174 Ilpeu
1136 4112 1159 4158 et
1177 4107 1210 4160 R.
1227 4105 1316 4171 Vopel,

197 4179 299 4232 ‘Geselu
325 4179 371 4232 des
395 4177 559 4232 tham-hess.
578 4176 822 4245 Erbfolpelerteees'
847 4181 1006 4247 (separatim
1031 4179 1069 4230 ed.
1088 4195 1120 4229 ee
1138 4177 1275 4232 ‘Zeitselrr¹
1295 4179 1315 4242 f.

195 4249 273 4304 Has.
295 4249 386 4304 Gurdo.
405 4249 442 4302 N.
455 4247 497 4304 F!
515 4249 557 4315 X)
577 4267 607 4316 p.
627 4251 644 4304 5
661 4265 699 4316 sq.
725 4249 794 4302 idem
817 4256 980 4304 mentuunt.
1017 4249 1070 4302 Sed
1094 4249 1124 4300 lu'
1141 4249 1317 4314 ueplepeutius

196 4321 248 4374 lias
265 4337 309 4374 res
327 4325 516 4385 tractaverunt,
539 4323 588 4388 qui
611 4323 767 4373 meoiouiut
791 4323 830 4388 (p.
849 4323 897 4381 25)
921 4321 1025 4372 uultum
1049 4336 1182 4388 superesse
1206 4319 1316 4372 sodium

160 4407 188 4448 sb
196 4393 411 4461 manuscriptum
422 4391 568 4443 Annalium
578 4391 819 4460 diplas-densium.
865 4393 892 4458 3)
905 4389 948 4443 ιΝ.
957 4389 1071 4443 Areum
1082 4391 1118 4454 X,
1125 4408 1155 4458 p.
1168 4390 1315 4445 131-137,

1473 4587 1594 4778 Δ
